1557 2264
541 292 626 335 176

878 280 1084 332 Ilias.

546 366 706 419 Ποσϵιδων
731 383 982 416 αμαιμακετος
1014 374 1146 406 Heſiod.
1161 374 1184 406 1.
1201 384 1227 406 c.
1241 370 1409 419 Χιμαιϱαν

548 446 708 470 πνεουσαν
722 447 961 481 αμαμαϰετον
983 444 1061 481 πυϱ.

655 510 735 538 132.
764 491 1010 536 αποπνειουσα,
1029 501 1124 537 muſs,
1148 495 1214 533 wie
1231 500 1274 534 H.
1296 501 1411 541 Heyne

549 557 723 589 erinnerte,
760 563 903 595 gezogen
936 554 1067 587 werden
1097 565 1138 585 zu
1167 550 1186 595 ἡ
1215 547 1323 598 δʹαϱα
1346 563 1413 591 εην-

549 611 779 636 αποπνειουσα
795 601 820 634 f.
839 612 1071 636 αποπνειουσα
1088 596 1131 637 δε.
1195 605 1288 636 Dieſe
1305 603 1413 643 Copu-

547 661 579 690 la
595 656 667 689 lieſs
692 666 726 687 er
741 663 833 695 weg,
855 656 921 687 wie
938 656 1021 688 oben
1036 656 1075 688 V.
1101 666 1129 689 v.
1151 653 1231 694 169.
1243 670 1303 685 —
1318 646 1412 688 δεινον

548 716 642 753 μενος
661 716 772 748 πυϱος,
786 707 857 739 eine
878 708 1095 740 ſchreckliche
1109 704 1259 751 Menge
1274 707 1412 749 Feuers:

546 764 583 795 ſo
600 764 648 794 vis
669 763 694 796 f.
711 763 823 803 Copia.
843 761 888 795 cf.
904 761 942 795 V.
962 766 1042 804 524.
1061 756 1156 803 μενος
1177 753 1309 806 βοϱεου.

597 840 735 876 183.
760 831 847 870 ϑεων
862 845 1022 878 τεϱαεσσι
1036 830 1207 876 πιϑησας,
1221 836 1413 869 vertrauend

549 884 614 923 den
629 891 809 932 göttlichen
831 891 986 932 Zeichen,
1005 891 1071 922 wie
1087 890 1233 931 Tydeus,
1253 890 1308 924 IV.
1320 891 1413 929 389.

547 940 582 969 S.
602 934 662 978 die
660 939 927 974 Anmerkung.
944 937 1050 968 Alſo
1050 937 1138 967 von
1158 935 1218 967 der
1230 929 1416 976 Beſiegung

547 986 619 1022 der
639 983 796 1017 Chimaera
822 983 1011 1017 vermittelſt
1035 983 1089 1015 des
1114 982 1249 1025 Pegaſus
1280 983 1412 1020 wuſste,

547 1036 615 1068 wie
636 1046 668 1068 es
687 1036 821 1074 ſcheint,
842 1036 968 1068 Homer
983 1035 1067 1069 noch
1088 1035 1188 1068 nicht.
1241 1035 1333 1068 Auch
1348 1035 1413 1068 die-

548 1088 598 1120 ſer
618 1089 693 1129 Zug
708 1087 874 1125 beweiſet,
901 1088 967 1120 wie
983 1086 1056 1121 ſehr
1071 1086 1171 1119 durch
1200 1086 1252 1119 die
1268 1087 1414 1119 wieder-

545 1140 661 1173 holten
679 1139 940 1180 Bearbeitungen
963 1136 1015 1170 die
1046 1137 1290 1181 urſprüngliche
1322 1132 1416 1180 Fabel

547 1187 730 1225 verändert,
765 1187 830 1220 und
858 1189 928 1220 ihre
952 1187 1063 1227 wahre
1085 1186 1339 1228 Interpretation
1364 1183 1414 1219 er-

547 1239 709 1272 ſchweret
722 1239 845 1274 wurde.
898 1238 1181 1275 Wahrſcheinlich
1197 1237 1323 1271 machte
1340 1239 1413 1270 Bel-

547 1285 728 1336 lerophon
750 1285 859 1334 ſeine
874 1290 1075 1331 Expedition
1108 1289 1202 1322 nicht
1233 1290 1334 1331 gegen
1361 1289 1413 1322 die

546 1341 732 1375 Chimaera,
742 1339 886 1373 ſondern
903 1344 1005 1379 gegen
1030 1337 1124 1371 einen
1137 1338 1273 1374 kühnen
1305 1339 1412 1373 Ritter

548 1392 632 1422 oder
644 1392 695 1423 ein
704 1390 793 1424 Volk
807 1393 894 1431 jener
915 1383 1031 1429 Zeiten,
1049 1386 1101 1422 die
1114 1400 1165 1422 am
1181 1391 1255 1423 Fuſs
1273 1385 1327 1434 der
1343 1391 1413 1423 Chi-

546 1446 669 1473 maera,
696 1437 775 1469 oder
799 1437 853 1468 des
872 1436 993 1480 Cragus
1011 1428 1182 1470 wohnten.
1239 1436 1312 1469 Auf
1329 1436 1413 1469 dieſe

549 1490 779 1530 Vermuthung
794 1488 904 1522 führte
927 1489 1012 1523 mich
1039 1480 1198 1534 Panyaſis,
1227 1489 1283 1519 der
1310 1489 1336 1519 in
1354 1489 1414 1519 ei-

549 1551 626 1574 nem
666 1542 839 1585 Fragment
872 1539 995 1585 (beym
1031 1539 1183 1581 Stephan.
1210 1541 1347 1583 Byzant.
1377 1541 1414 1573 in

549 1594 719 1638 Τϱεμιλη)
740 1596 811 1627 dem
833 1594 1011 1631 Tremilus,
1028 1601 1090 1624 von
1112 1594 1183 1629 dem
1208 1593 1259 1626 die
1282 1594 1414 1627 älteſten

548 1644 737 1683 Bewohner
754 1644 893 1685 Lyciens
905 1646 970 1682 den
998 1641 1125 1675 Namen
1155 1642 1323 1687 Τϱεμιλες
1346 1642 1415 1676 hat-

549 1698 619 1732 ten,
645 1689 715 1724 vier
729 1692 835 1725 Söhne
862 1693 971 1735 giebt:
997 1683 1118 1733 Tlous,
1150 1693 1292 1725 Xanthus
1313 1688 1414 1725 Pina-

550 1754 621 1782 rus,
640 1745 704 1777 und
723 1741 887 1786 Cragus,
919 1738 953 1777 ὁς
970 1750 1164 1788 ϰϱατεων
1185 1752 1311 1777 πασας
1332 1745 1413 1782 ληϊ-

551 1791 637 1839 ϛετ΄
661 1805 815 1840 αϱουϱας.
869 1797 1024 1830 Nämlich
1043 1795 1099 1827 der
1119 1798 1229 1829 wahre
1252 1797 1330 1829 Sinn
1358 1797 1414 1828 des

551 1842 742 1883 Fragments
766 1843 802 1875 iſt
833 1844 942 1876 wohl:
978 1843 1029 1877 die
1057 1833 1220 1875 Tremiler
1243 1832 1413 1876 beſtanden

551 1906 609 1931 aus
626 1900 695 1931 vier
710 1899 895 1935 Stämmen:
922 1897 1028 1935 davon
1053 1896 1110 1932 der
1132 1897 1245 1939 vierte,
1268 1897 1413 1931 welcher

1357 1958 1416 1990 am
