1649 2454
288 383 334 416 Di
351 387 437 416 viver’
449 396 466 416 a
480 394 522 413 me
529 382 629 423 ſteſſa,
653 395 667 412 e
681 385 709 415 di
722 385 778 426 far
794 387 853 416 vita

291 429 437 469 Conforme
454 439 469 457 a
485 430 511 457 le
530 439 583 457 mie
599 428 695 468 voglie,

290 473 316 502 I'
325 474 373 513 già
385 478 423 502 co’
439 475 525 512 campi
540 473 619 512 Eliſi,

292 508 444 537 Fortunato
454 507 565 545 giardin
577 508 617 538 de’
634 505 762 543 Semidei,

292 550 335 579 La
349 549 437 586 voſtra
451 549 545 579 ombra
552 550 642 589 gentil
659 559 713 583 non
726 550 857 591 cangerei.

288 593 389 623 „Che
397 592 429 633 ſe
442 592 492 623 ben
505 592 591 622 dritto
606 594 676 624 miro

289 632 433 674 „Queſti
445 635 506 665 beni
525 636 646 669 mortali,

290 677 415 704 „Altro
429 685 481 704 non
490 674 542 715 ſon
562 675 607 705 che
625 676 701 706 mali.

288 718 411 747 „Men'
433 717 511 749 n'ha,
532 716 574 746 chi
590 718 640 757 più
662 717 799 748 n’abonda.

287 763 360 793 „E
373 762 504 802 poſſeduto
518 765 530 793 è
539 764 589 804 più
603 763 644 792 chi
656 763 705 802 più
716 762 830 805 poſſede,

289 799 467 833 „Richezze
480 800 531 835 nò,
555 809 599 828 ma
610 798 690 833 lacci.

288 842 379 870 „De
393 842 500 871 l’altrui
517 841 653 871 libertate.

288 881 387 911 „Che
401 881 447 913 val
460 885 501 911 ne'
513 881 561 920 più
576 881 656 912 verdi
669 882 745 912 anni.

288 925 427 958 „Titolo
439 926 468 958 di
482 924 617 958 bellezza,

287 967 360 996 „O
373 967 455 1008 fama
476 965 627 1005 d'oneſtate,

287 1001 388 1032 „E'n
403 1000 504 1033 mortal
511 999 613 1041 ſangue
627 999 732 1034 nobiltà
747 1003 861 1041 celeſte?

289 1056 309 1077 2
336 1047 423 1076 Tante
433 1048 531 1086 grazie
541 1046 586 1077 del
598 1045 680 1079 cielo,
701 1058 715 1076 e
726 1046 759 1077 de
774 1047 802 1077 la
817 1056 903 1076 terra.

288 1089 394 1132 „Quì
407 1091 496 1132 larghi
508 1103 522 1122 o
536 1093 599 1122 lieti
610 1091 707 1133 campi,

267 1135 358 1164 „E
377 1134 407 1169 là
418 1134 504 1174 felici
516 1132 622 1173 piagge,

286 1168 448 1199 „Fecondi
457 1168 563 1208 paſchi,
584 1179 598 1196 e
609 1169 658 1206 più
664 1168 783 1208 fecondo
801 1176 934 1203 armento,

287 1208 393 1238 „Se'n
406 1203 479 1238 tanti
489 1207 550 1238 beni
563 1208 588 1238 il
602 1217 651 1238 cor
662 1217 716 1238 non
728 1209 742 1237 è
756 1211 904 1240 contento?

290 1250 380 1283 Felice
390 1249 547 1288 paſtorella,

291 1285 342 1318 Cui
354 1285 428 1324 cinge
441 1293 457 1314 a
467 1292 535 1325 pena
547 1285 570 1314 il
584 1283 673 1323 fianco

289 1332 398 1366 Povera
412 1330 453 1365 sì,
474 1340 518 1360 ma
526 1329 659 1371 ſchietta,

289 1376 317 1406 E
332 1373 445 1405 candida
452 1372 602 1414 gonnella:

288 1421 373 1450 Ricca
382 1418 426 1459 ſol
440 1420 468 1452 di
476 1419 509 1460 ſe
516 1418 607 1459 ſteſſa,

288 1452 317 1482 E
328 1451 399 1480 delle
412 1456 508 1490 grazie
526 1450 554 1479 di
569 1459 668 1481 natura
681 1448 793 1484 adorna,

291 1500 338 1530 Ch’
356 1501 387 1531 in
402 1499 476 1528 dolce
486 1498 631 1538 povertade

290 1536 337 1568 Ne
353 1535 466 1573 povertà
483 1534 604 1573 conoſce,
626 1544 659 1563 ne
674 1536 685 1564 i
697 1534 783 1577 diſagi

287 1581 337 1611 De
350 1581 376 1610 le
388 1579 513 1611 richezze
520 1579 616 1618 ſente;

287 1623 343 1652 Ma
354 1630 425 1651 tutto
437 1620 500 1664 quel
507 1619 628 1659 poſſede,

286 1656 345 1686 Per
357 1655 402 1685 cui
421 1651 488 1692 deſio
506 1654 601 1684 d'aver
614 1664 666 1684 non
683 1655 711 1686 la
730 1662 872 1683 tormenta.

288 1699 373 1733 Nuda
386 1699 427 1733 sì,
446 1707 491 1729 ma
505 1706 636 1730 contenta.

288 1744 333 1775 Co’
347 1743 410 1774 doni
420 1742 449 1773 di
462 1750 572 1776 natura,

287 1776 308 1803 I
319 1776 381 1800 doni
396 1776 424 1800 di
443 1782 560 1805 natura,
582 1783 647 1799 anco
661 1772 792 1811 nudrica,

287 1824 337 1854 Col
349 1823 418 1855 latte
429 1823 455 1854 il
469 1823 535 1852 latte
547 1823 656 1854 avviva,

285 1867 313 1897 E
328 1866 370 1897 col
384 1866 457 1897 dolce
470 1867 533 1896 dell’
546 1868 602 1905 Api

286 1900 412 1940 Condiſce
425 1901 448 1932 il
461 1902 515 1932 mel
528 1901 599 1932 delle
613 1902 686 1931 natie
699 1901 844 1932 dolcezze.

286 1943 364 1988 Quel
369 1945 469 1986 fonte,
490 1948 550 1977 ond'
564 1947 618 1979 ella
631 1946 706 1980 beve,

287 1981 365 2025 Quel
371 1980 433 2022 ſolo
450 1993 516 2013 anco
527 1983 554 2012 la
570 1981 671 2022 bagna,
692 1994 706 2012 e
720 1983 747 2013 la
762 1981 903 2024 conſiglia:

286 2029 361 2069 Paga
373 2026 411 2057 lei
418 2034 486 2068 pago
502 2028 525 2058 il
538 2029 643 2058 mondo.

287 2069 343 2100 Per
356 2066 393 2099 lei
408 2067 436 2097 di
448 2066 537 2098 nembi
558 2067 581 2097 il
602 2066 654 2098 ciel
667 2064 782 2108 s'oſcura
796 2066 922 2100 indarno,

287 2113 314 2145 E
328 2110 355 2141 di
367 2110 500 2152 grandine
514 2116 623 2145 s'arma,

290 2153 344 2186 Che
357 2154 385 2185 la
392 2152 449 2196 ſua
458 2154 573 2194 povertà
588 2153 665 2184 nulla
674 2162 808 2195 paventa:
