1372 2176
400 239 465 262 ET
512 230 825 270 AUTRES.

1024 255 1070 289 23

225 285 295 312 nant
316 281 462 313 l’Hiſtoire
484 284 522 313 de
546 283 572 313 la
598 284 787 316 Decouverte
810 289 842 316 &
859 285 1013 328 Conquête
1035 294 1071 321 de

226 331 272 353 ces
288 323 369 354 Païs:
392 325 516 356 enrichie
533 325 569 356 de
585 327 668 357 belles
689 328 873 371 Eſtampes,
888 338 940 368 par
961 335 1072 369 Picart,

227 363 319 394 Amſt.
336 371 354 391 2
365 362 422 393 vol.
461 369 489 398 4.

185 397 312 430 Hiſtoire
336 398 372 429 de
395 399 491 431 Pierre
514 398 542 430 le
568 398 680 436 Grand,
707 400 869 442 Empereur
889 403 925 434 de
946 405 1071 445 Ruſſie,

228 440 315 472 Amſt.
339 449 422 477 1742.
439 450 512 473 avec
530 441 579 481 fig.
621 451 648 478 4.

184 475 310 510 Hiſtoire
328 478 358 509 &
377 478 537 511 Avantures
551 478 587 512 de
605 480 688 513 Mlle.
706 481 743 514 de
752 482 778 513 la
788 480 954 519 Rochette,
972 484 1068 525 Leyd.

228 518 302 550 1738
351 519 379 554 8.

184 554 310 589 Hiſtoire
326 556 365 588 du
382 557 482 590 Prince
500 557 536 588 de
555 559 709 599 Ragotzy,
733 561 764 592 &
782 561 818 594 de
839 563 866 593 la
886 564 996 595 Guerre
1018 564 1069 599 des

225 598 400 631 Mecontens
418 601 455 629 de
472 600 612 640 Hongrie.
656 610 699 631 12.

181 633 308 665 Hiſtoire
323 634 353 663 &
364 636 524 666 Avantures
539 639 575 666 de
586 638 670 668 Dona
692 638 812 675 Rufine,
825 639 952 671 fameuſe
970 642 1066 675 Cour-

220 678 308 710 tiſane
323 680 361 710 de
382 680 505 716 Seville;
522 689 595 713 avec
610 681 657 721 fig.
680 682 767 722 Haye
788 691 868 721 1743.
894 694 909 713 2
922 686 978 717 vol.
1021 696 1069 719 12.

181 714 308 746 Hiſtoire
327 715 377 746 des
398 714 582 748 Sevarambes
598 717 718 758 Peuples
743 719 779 750 de
796 721 821 751 la
838 721 933 752 Terre
952 725 1068 761 Auſtra-

219 756 264 791 le,
289 765 303 786 2
313 758 375 788 vol.
396 758 485 791 Amſt.
522 768 568 790 12.

181 791 308 824 Hiſtoire
325 792 504 827 Univerſelle
519 802 569 833 par
586 803 642 826 une
663 794 776 828 Societé
800 798 836 831 de
853 798 935 831 Gens
951 799 987 830 de
998 801 1068 833 Let-

220 836 292 872 tres,
315 841 408 875 Trad.
429 836 465 873 de
483 842 651 883 l’Anglois,
671 844 766 876 Amſt.
784 853 869 884 1743.
892 847 987 881 Tom.
1010 851 1068 884 IV.

219 882 293 905 avec
305 874 354 913 fig.
392 884 420 912 4.

180 909 239 942 Les
253 909 418 948 Hommes,
440 921 489 944 ou
506 912 640 947 Maximes
656 915 801 953 Morales,
823 917 910 956 Paris.
952 927 996 961 12.

179 953 306 985 Hiſtoire
325 954 361 983 de
374 955 518 989 Phalaris,
535 963 608 986 avec
621 957 662 987 ſes
680 959 812 994 Lettres,
831 961 862 988 &
880 964 919 991 les
937 962 1065 993 Conſeils

213 991 379 1023 d'lſocrates
395 1003 437 1023 ou
450 996 479 1025 Ie
496 994 619 1027 Modele
628 998 678 1027 des
688 999 831 1029 Miniſtres
846 999 945 1030 d'Etat,
975 1008 991 1028 2
1003 1005 1064 1032 vol.

213 1030 349 1066 imprimé
363 1032 488 1064 l'Année
510 1039 593 1069 1726.
636 1042 681 1064 12.

178 1066 305 1099 Hiſtoire
323 1066 360 1097 de
375 1068 402 1099 la
419 1068 519 1100 Poeſie
538 1068 707 1110 Françoiſe,
727 1071 814 1103 Paris,
834 1078 877 1111 gr.
918 1080 964 1105 12.

176 1109 223 1142 Le
247 1109 420 1144 Hollandois
446 1111 657 1150 Raiſonnable,
678 1123 719 1146 ou
736 1115 762 1146 le
774 1116 839 1148 Sort
863 1115 949 1158 digne
973 1119 1063 1154 d'En-

217 1148 281 1187 vie,
291 1149 418 1184 Hiſtoire
450 1152 460 1183 &
469 1153 632 1186 Avantures
647 1154 822 1193 modernes,
842 1155 934 1188 Amſt.
950 1164 1034 1196 1741.
1048 1165 1064 1198 3

210 1190 271 1222 vol.
314 1199 359 1221 12.

174 1222 349 1254 L’Homme
364 1223 517 1257 interieur,
537 1226 698 1257 repreſenté
725 1227 793 1258 dans
811 1231 836 1260 la
852 1230 910 1261 Vie
931 1231 969 1261 du
991 1233 1064 1264 Pere

209 1265 283 1299 Jean
297 1265 506 1304 Chryſoſtome
520 1260 674 1307 Religieux
692 1270 729 1301 de
742 1271 784 1301 St.
804 1271 958 1310 François,
974 1275 1061 1306 Paris.

209 1304 253 1338 gr.
294 1294 322 1336 8.

170 1335 343 1370 Helvetius,
364 1336 403 1368 de
424 1335 632 1373 l'Oeconomie
660 1339 784 1373 animale
805 1342 837 1374 &
857 1342 893 1375 de
918 1343 945 1385 la
966 1344 1063 1387 Petite

211 1379 338 1415 Verole,
363 1380 453 1418 Lyon
473 1383 558 1419 1718.
600 1391 643 1415 12.

167 1461 275 1498 Mich.
299 1461 412 1499 Chriſt.
437 1463 579 1501 Hanovii
602 1465 837 1504 Meditamenta
861 1469 964 1506 Nova
985 1471 1059 1508 Phi-

211 1504 377 1550 loſophica
393 1508 422 1542 &
440 1506 625 1550 Litteraria,
651 1517 743 1551 1742.
785 1518 817 1552 4.

166 1542 221 1584 Jo.
248 1545 403 1582 Harduini
420 1548 564 1591 Plinius,
587 1549 618 1582 in
635 1552 729 1585 uſum
753 1552 920 1597 Delphini,
933 1556 1057 1597 compl.

211 1603 228 1633 3
244 1597 314 1629 vol.
356 1597 417 1632 fol.
441 1598 539 1632 Paris.
563 1607 654 1640 1733.
679 1600 789 1635 Editio
810 1603 930 1644 optima
948 1604 977 1638 &
993 1615 1054 1639 rar.

167 1622 223 1660 Fr.
251 1636 270 1657 a
297 1626 400 1668 Hare,
432 1631 577 1671 Syſtema
611 1636 819 1680 Pſalmorum
846 1639 1060 1689 Metricum,

211 1683 306 1718 1740.
350 1686 381 1718 4.

164 1713 240 1757 Joh.
278 1714 426 1751 Gottofr.
455 1717 675 1763 Hauptmanni
714 1720 900 1757 Faſciculus
928 1722 1058 1764 Carmi-

202 1766 285 1794 num
303 1758 522 1804 Latinorum,
545 1764 648 1800 Notæ
663 1765 792 1809 optimæ
813 1776 850 1799 ex
865 1767 1062 1812 præſtantiſſ.

205 1807 368 1845 Veterum
386 1809 580 1851 Poetarum,
604 1817 695 1852 1742.
741 1811 772 1847 8.

161 1847 219 1885 Cl.
254 1847 404 1888 Havers,
439 1849 470 1883 &
496 1852 575 1886 Chr.
606 1852 724 1893 Heyne
747 1850 1001 1891 Obſervationes
1020 1855 1060 1889 de

204 1898 356 1941 Oſſibus,
379 1898 487 1938 Amſt.
513 1902 606 1939 1731.
648 1902 680 1942 8.

996 1900 1070 1945 Jo.
