1527 2401
493 441 581 483 ſunt
590 441 726 483 iidem,
773 443 840 491 qui
855 445 957 497 apud
972 444 1150 485 Hebræos
1168 446 1208 484 in
1228 446 1295 486 uſu
1313 444 1419 493 ſunt,

497 499 629 540 iisdem
639 497 716 542 ferè
730 500 928 543 obſervatis
947 501 1105 554 legibus.

554 551 588 608 §.
624 563 686 599 12.
712 559 754 597 In
776 557 1021 598 Derivatione
1032 568 1177 598 vocum
1188 561 1236 599 ab
1256 560 1418 600 Hebræa

496 614 641 666 origine
661 624 925 665 permutantur
947 617 1138 669 ſæpiſſime
1155 618 1290 663 literæ,
1329 628 1417 659 tum

496 674 665 720 ejusdem
678 679 830 727 organi,
842 680 954 721 ۳۳۹۹۵۹
964 682 1098 725 Chald.
1110 679 1225 733 N3
1242 678 1415 736 infamia,

497 715 622 784 ودرا
642 733 777 774 Chald.
798 722 921 782 ودره
933 735 1112 788 ferrum:
1138 747 1223 770 tum
1249 738 1416 777 ejusdem

497 799 636 845 claſſis,
679 798 702 834 2
756 780 892 843 Chald.
906 804 993 854 2۳۷
1004 803 1130 839 bonum
1149 802 1230 856 eſſe,
1258 796 1330 838 ۱۳3
1342 805 1414 848 Ch.

495 869 599 919 وج
609 869 734 905 inane:
745 885 829 902 tum
840 875 962 904 ſimilis
973 874 1119 917 figuræ,
1143 874 1154 914 )
1180 875 1213 927 يج
1218 875 1288 911 Ch.
1300 853 1413 926 جلا

501 911 660 984 يع
673 942 789 976 terra,
806 940 903 983 2لا
919 941 990 970 Ch.
1002 942 1101 984 "لا
1115 944 1242 1002 ovum:
1254 954 1337 968 tum
1351 946 1425 969 de-

493 1012 611 1063 nique
620 1011 803 1054 ſibilantes
817 1024 904 1054 cum
923 1016 1036 1055 mutis
1046 1016 1299 1068 lingualibus,
1329 1017 1410 1059 دنا

495 1079 567 1119 Ch.
588 1080 675 1126 257
685 1079 845 1123 erubuit,
856 1071 968 1111 فاطا
978 1080 1049 1121 Ch.
1058 1071 1146 1130 7ط
1156 1090 1241 1129 tres;
1253 1081 1325 1127 271
1338 1058 1413 1120 Ch.

494 1149 609 1186 ادج
617 1122 841 1197 aurum,
787 1150 841 1201 ۵۷
851 1125 925 1188 Ch.
937 1126 1042 1197 باجا
1060 1155 1198 1199 caprea,
1216 1149 1257 1199 ]2
1278 1127 1435 1187 Chald.

494 1194 548 1261 جد
566 1220 678 1276 filius,
692 1198 857 1277 وچ
870 1196 1095 1277 کول
1113 1231 1235 1275 vidua.

552 1298 584 1344 §.
619 1308 678 1347 13.
698 1299 852 1340 Serviles
867 1301 976 1340 literæ
993 1299 1077 1339 ſunt
1089 1299 1291 1342 undecim,
1308 1311 1410 1352 quot

493 1357 678 1404 Hebræis;
693 1366 809 1407 atque
819 1357 933 1396 etiam
953 1357 1122 1403 eædem,
1135 1357 1203 1397 niſi
1212 1360 1322 1412 quod
1332 1360 1407 1402 Da-

490 1413 570 1459 Ieth
582 1414 707 1456 ſervile
722 1416 786 1462 ſit,
797 1418 834 1455 &
848 1425 980 1457 contra
990 1417 1101 1459 Schin
1112 1418 1279 1464 radicale.
1300 1418 1409 1460 Mne-

490 1471 684 1526 moſynon
703 1474 851 1515 illarum
879 1476 930 1519 eſt
955 1465 1187 1536 چوپ
1204 1478 1291 1533 جد
1303 1486 1406 1531 pater

490 1542 605 1582 omnis
628 1540 721 1585 doni.

547 1599 661 1647 §.14.
673 1601 819 1637 Præfixa
831 1600 969 1650 ſeptem
981 1610 1228 1648 numerantur
1251 1589 1405 1645 5۹

488 1673 535 1708 2.
572 1665 624 1704 Ex
645 1666 781 1717 quibus
803 1678 911 1708 more
932 1667 1089 1709 Hebræo
1108 1669 1292 1710 accedunt
1315 1676 1344 1709 ©
1364 1671 1403 1715 &

486 1721 587 1771 دواد
606 1724 775 1774 itemque
793 1733 821 1766 ۹
846 1726 1170 1776 interrogativum.
1229 1731 1403 1770 Demon-

486 1778 681 1822 ſtrativum
701 1786 729 1820 ٩
760 1780 941 1820 duntaxat
976 1779 1139 1830 jungitur
1166 1780 1401 1832 pronomini-

484 1840 556 1879 bus
576 1834 801 1885 quibusdam
820 1836 984 1887 ſeparatis
1011 1837 1123 1877 tertiæ
1151 1837 1310 1887 perſonæ
1337 1848 1401 1889 per

483 1906 656 1953 kametz;
666 1903 750 1955 77
760 1907 836 1959 iſte,
850 1907 934 1958 7ت
946 1908 1017 1960 iſta,
1026 1908 1145 1964 77ت
1154 1901 1313 1963 لضا
1324 1909 1399 1967 iſti:

482 1979 535 2026 aſt
543 1978 639 2028 cum
652 1975 726 2014 ۹۱۳
745 1974 783 1999 &
798 1973 870 2015 اتام
882 1958 995 2000 habet
1009 1968 1151 2010 patach.
1180 1968 1398 2001 Relativum

477 2053 519 2099 per
519 2055 587 2100 per
606 2047 735 2087 ſcheva
751 2047 929 2090 adhæret:
941 2047 1076 2088 Daniel
1094 2059 1224 2093 autem
1240 2051 1278 2088 &
1288 2050 1397 2096 Ezras

478 2104 621 2159 proillo
621 2104 681 2160 proilloV
703 2106 908 2159 ſeparatum
919 2105 1039 2149 ſolent
1050 2104 1232 2150 adhibere.
