1527 2401
127 502 301 567 طدمعغى رع اب
329 491 550 577 حخخصصش » + 7ن
575 528 650 566 aliàs
658 528 737 565 illud
755 529 849 567 nunc
858 523 873 576 A
895 525 1033 570 clarum,

129 592 216 614 nunc
233 593 306 617 cum
318 584 347 616 E
359 580 516 621 mixtum;
544 579 607 614 hoc
630 591 716 615 nunc
736 582 766 614 U
790 581 929 618 clarum,
945 588 1032 613 nunc

132 644 208 668 cum
223 634 256 668 O
275 632 423 671 mixtum,
438 630 471 664 id
479 631 570 678 quod
580 642 617 664 ex
633 628 687 665 uſu
703 630 903 677 potiſſimùm
912 628 1033 665 diſcen-

132 682 210 718 dum
221 683 276 718 eſt.

190 727 318 765 Accidit
331 729 433 776 porrò
441 727 615 766 Vocalibus
624 728 673 765 his
682 729 853 763 Nunnatio
862 737 918 773 per
929 724 1033 774 gemi-

129 795 301 842 nationem
325 807 456 842 figuræ,
480 793 541 836 hoc
559 795 682 839 modo:
710 777 758 848 u
786 804 867 838 ban,
892 808 940 871 ب
965 793 1032 843 bin,

137 856 197 927 bhon. s
197 861 271 912 bon.
293 866 354 911 Sed
364 866 486 907 Phatha
496 877 704 908 Nunnatum,
719 867 775 908 niſi
788 882 928 911 ponatut
937 866 1030 903 ſupra

131 924 154 964 &
161 919 221 960 vel
281 933 343 970 pro
359 913 368 955 l
392 921 558 969 poſitum,
581 921 704 959 aſſumit
725 923 797 972 poſt
812 922 840 959 ſe
883 932 1030 961 mutum,

351 978 388 1040 F با
132 990 198 1028 hoc
211 991 330 1028 modo:
408 987 482 1025 ban.

182 1058 224 1098 §.
242 1065 272 1102 3.
304 1053 516 1106 Quieſcentes
535 1054 635 1092 literæ
660 1053 798 1091 totidem
826 1054 918 1094 ſunt,
947 1062 1033 1102 quot

134 1107 218 1156 apud
229 1108 335 1154 Syros,
352 1118 469 1155 nempe
479 1107 567 1153 Elif,
582 1106 672 1153 quod
686 1107 718 1141 in
729 1106 862 1148 Phatha;
880 1104 928 1155 Je,
940 1104 1032 1153 quod

132 1155 168 1192 in
180 1153 287 1194 Keſra,
305 1158 320 1189 &
333 1152 469 1203 denique
482 1147 615 1199 Wavv,
624 1148 704 1206 quod
712 1153 743 1189 in
754 1154 931 1190 Dshamma
940 1150 1035 1200 quie-

136 1195 217 1247 ſcit;
252 1202 311 1239 Hæ
327 1200 407 1237 verò
421 1201 521 1238 literæ
540 1200 664 1235 Debiles
686 1200 848 1236 Arabibus
865 1208 1036 1239 vocantur,

134 1252 227 1296 quod
240 1262 309 1287 non
322 1247 468 1292 tantùm,
484 1249 616 1297 quando
627 1248 700 1284 actu
710 1247 899 1297 quieſcunt,
918 1249 970 1285 ſed
983 1261 1032 1285 et-

134 1296 200 1334 iam
208 1311 281 1334 cum
290 1309 478 1339 moventur,
490 1298 523 1332 in
539 1297 664 1334 medio
663 1297 680 1342 &
704 1298 768 1333 ſine
782 1298 953 1337 dictionis,
964 1296 1033 1332 tàm

139 1349 159 1387 à
179 1350 241 1387 ſuis
254 1348 354 1401 quàm
370 1349 555 1387 immediatè
577 1349 827 1398 præcedentibus
843 1348 1035 1390 Vocalibus,

133 1398 236 1433 varias
250 1396 448 1434 mutationes
466 1396 650 1445 patiuntur,
670 1395 758 1440 juxta
778 1394 945 1443 ſequentes
958 1401 1033 1432 tàm

136 1451 301 1496 generales
320 1453 417 1499 quam
433 1448 580 1500 ſpeciales
591 1449 743 1500 Regulas.

186 1496 216 1542 IE
241 1501 378 1550 Regulæ
392 1502 589 1539 Generales:

187 1548 241 1590 (1.)
269 1545 406 1581 Debiles
427 1555 561 1585 omnes,
588 1542 765 1581 Vocalibus
783 1541 1035 1592 quomodocun-

137 1605 202 1645 que
217 1595 389 1638 deſtitutæ,
407 1595 606 1643 quieſcentes
618 1594 685 1635 ſcil.
703 1596 745 1631 vel
753 1594 947 1641 Gjeſmatæ,
962 1593 1035 1642 poſt

137 1645 277 1685 Vocales
301 1643 535 1688 heterogencas
556 1643 595 1677 iis
623 1642 705 1679 fiunt
724 1642 954 1690 homogeneæ:
983 1651 1037 1675 ut:

138 1689 254 1787 نیب ولا
376 1683 451 1796 ا يبر مر 5
586 1699 654 1797 را q فا -
846 1693 956 1786 ,دای ؟ رس ولي
947 1689 1039 1795 - #» واه
269 1729 374 1768 incile,
461 1739 585 1777 puteus,
665 1732 758 1787 ignis,
776 1742 835 1768 pro

126 1812 272 1895 13&c. s
288 1828 359 1866 Niſi
372 1829 460 1879 quod
474 1831 595 1869 Wavv
605 1834 635 1866 &
647 1827 680 1874 Je
699 1829 859 1863 interdum
876 1830 947 1875 poſt
959 1829 1042 1866 Pha-

139 1881 194 1915 tha
217 1888 365 1920 manent,
389 1881 422 1914 &
445 1879 496 1915 vel
524 1879 634 1915 addito
649 1876 793 1923 Gjieſma
816 1877 1040 1925 diphthonge-

139 1950 252 1994 ſcunt,
274 1952 326 1988 vel
340 1951 406 1989 ſine
428 1966 468 1990 eo
480 1951 577 1990 inſtar
592 1948 663 1988 Elif
673 1949 859 2000 quieſcunt,
875 1959 928 1985 ut:
950 1923 1047 2022 يبوم اس

241 2005 315 2089 لهل s اد
430 2004 524 2093 رمية و عرص
729 2002 822 2091 5 غزوة وا
138 2036 222 2077 dies,
332 2047 415 2078 nox,
531 2034 609 2081 jecit
622 2047 716 2075 eum,
844 2036 1043 2085 oppugnatio.
