3570 4740
815 462 1153 502 ANNOTATA
1177 460 1256 499 AD
1274 460 1318 501 II.
1342 458 1619 503 CORINTH.
1638 462 1841 500 CAP.IX.
1862 472 2016 516 v.6.7.8

2201 479 2279 525 493

511 550 576 585 quæ
591 542 677 575 nullis
685 542 827 587 periculis
842 542 942 576 cedere
954 546 1053 578 novit.
1103 545 1218 577 Similis
1233 546 1270 590 eſt
1276 543 1380 588 ſenſus

508 594 611 629 2.Cor.
621 594 678 626 ΧΙ.
687 601 730 633 17.
741 589 769 629 ἐν
776 587 881 630 τάυτη
891 588 930 631 τῇ
946 590 1021 629 ὑπος
1037 585 1100 638 ἄσει
1109 588 1164 631 τῆς
1172 587 1378 634 καυχήσεως,

508 644 539 675 &
547 640 675 677 Hebr.
674 646 695 676 XI.
705 654 727 675 1.
741 635 788 681 ἐς
798 636 831 677 δὲ
839 631 928 681 6
939 636 1150 690 ἐλπιζομένων
1158 637 1335 681 ὑπόςασις,
1343 641 1379 674 id

504 691 552 736 eſt,
553 692 648 736 firma
648 692 765 736 fiducia
775 701 886 732 rerum,
896 696 950 743 quæ
955 691 1120 736 ſperantur.
1171 692 1372 739 Paraphraſis

508 742 722 791 Theophylacti
734 744 777 778 ſic
789 743 905 779 habet:
930 744 1038 790 Agitis,
1047 744 1160 789 inquit,
1174 755 1289 778 mecum
1289 746 1374 790 forte

495 789 651 836 fidentius,
666 799 767 835 utpote
780 791 836 835 qui
849 790 930 825 vobis
944 790 1130 838 indulgeam.
1180 795 1257 826 Sunt
1272 802 1372 826 tamen

505 842 691 878 Macedones
712 842 794 876 vobis
814 853 874 875 non
897 843 1055 889 incogniti,
1081 853 1210 887 quorum
1231 854 1372 877 verecun-

503 890 559 923 dia
575 901 674 924 tenere
688 901 741 924 vos
756 888 864 923 debet:
889 888 1047 936 Siquidem
1061 901 1176 923 mecum
1192 901 1255 924 una
1262 889 1310 924 ad
1315 901 1373 925 vos

498 942 572 989 ſunt
588 945 626 980 &
640 943 674 977 hi
688 940 859 986 conceſſuri,
882 947 938 989 qui
949 943 982 988 ſi
993 955 1050 977 vos
1064 945 1228 989 imparatos
1244 945 1372 979 invene-

500 993 576 1035 rint,
586 993 642 1025 hoc
649 992 698 1035 eſt,
714 991 929 1038 eleemoſynam
938 993 1136 1027 detrectantes
1145 993 1183 1028 &
1189 1003 1238 1026 me
1245 991 1373 1027 menda-

502 1042 542 1073 cii
556 1051 701 1087 arguent,
728 1041 783 1086 qui
797 1051 850 1074 vos
858 1050 984 1089 paratos
1000 1042 1052 1088 eſſe
1063 1044 1237 1086 retulerim,
1266 1043 1303 1079 &
1319 1055 1372 1079 vos

501 1094 639 1128 avaritiæ
652 1094 841 1142 incuſabunt.
890 1093 1130 1141 Erubeſcendum
1143 1095 1252 1140 quippe
1267 1095 1335 1137 erit,
1342 1095 1374 1140 ſi

499 1143 533 1176 in
548 1145 644 1189 noſtro
652 1143 792 1178 adventu
800 1144 894 1190 veſtra
901 1145 959 1177 hæc
965 1156 1018 1179 nec
1018 1153 1159 1191 prompta
1159 1144 1220 1190 ſit,
1244 1156 1297 1179 nec
1312 1148 1370 1179 cita

497 1193 637 1228 collatio:
646 1197 708 1228 Aut
707 1194 901 1240 ſinusquam,
913 1193 983 1240 quod
1000 1194 1146 1235 deceat,
1116 1192 1143 1242 in
1155 1194 1370 1239 eleemoſynam

499 1245 694 1280 contuleritis.
743 1247 844 1283 Recte
859 1247 957 1281 etiam
974 1247 1124 1282 obſervat
1136 1247 1369 1294 Theophylactus

497 1295 729 1332 reſtrictionem
740 1298 774 1330 in
781 1295 842 1330 hac
856 1294 1027 1330 ſubſtantia
1034 1296 1252 1343 gloriationis,
1264 1298 1316 1331 cui
1331 1296 1370 1331 ſi-

497 1348 584 1384 milis
601 1348 646 1383 eſt
653 1346 861 1384 Antecedens
876 1346 904 1383 ἐν
920 1346 965 1382 τῷ
979 1345 1069 1396 μέρει
1084 1342 1178 1384 τότω
1178 1352 1213 1384 ν.
1228 1362 1252 1392 3.
1263 1350 1298 1383 in
1305 1349 1368 1384 hac

494 1407 597 1443 parte,
607 1411 638 1446 q.
648 1401 679 1435 d.
692 1402 723 1438 ſe
732 1392 800 1437 aliis
810 1403 843 1435 in
851 1391 962 1444 rebus,
979 1401 1020 1435 de
1036 1390 1157 1446 quibus
1164 1400 1323 1446 gloriatus
1333 1412 1368 1435 e-

494 1458 557 1489 rat,
585 1449 626 1482 de
636 1448 708 1494 ipſis
724 1460 791 1483 non
800 1450 918 1489 vereri,
945 1460 985 1483 ne
1002 1449 1167 1495 pudefiat;
1196 1460 1261 1495 qua
1270 1451 1366 1484 tacita

493 1499 784 1531 commendatione
800 1496 939 1531 reddere
952 1498 1036 1543 ipſos
1053 1499 1123 1533 vult
1138 1498 1179 1531 ad
1187 1496 1367 1542 eleemoſy-

494 1559 569 1583 nam
579 1550 813 1595 promptiores,
826 1545 869 1582 ne
885 1561 961 1584 cum
974 1552 1007 1583 in
1017 1549 1148 1596 reliquis
1164 1550 1369 1595 profecerint

492 1599 682 1646 plurimum,
699 1603 730 1635 in
749 1600 812 1635 hac
827 1600 1115 1647 deprehendantur
1129 1611 1195 1634 non
1212 1600 1324 1649 probi,
1339 1605 1369 1636 &

498 1656 604 1703 ſeipſis
613 1657 797 1693 inferiores.

539 1705 587 1737 Τὴν
603 1700 863 1742 προκατηγγελμένην
881 1700 1000 1740 ἐυλογίαν
1016 1702 1101 1741 ὑμῶν)
1125 1704 1243 1743 Ενλογία
1257 1711 1369 1743 ברכה

500 1749 621 1786 largitio
639 1759 668 1778 ut
679 1761 696 1779 1.
709 1753 779 1780 Sam.
787 1753 874 1781 XXV.
885 1759 927 1787 27.
937 1747 1203 1789 προκατηγγελμένην,
1218 1751 1246 1779 id
1255 1746 1300 1794 eſt,
1312 1765 1369 1781 πσο-

501 1791 623 1826 διφημένην
634 1790 797 1826 prædictam,
806 1789 840 1817 de
851 1798 905 1828 qua
919 1791 973 1825 jam
980 1791 1099 1818 multum
1108 1791 1174 1819 dixi.
1195 1790 1237 1819 Sic
1244 1784 1369 1832 προδεδῳ-

503 1835 610 1868 λωμένην
619 1833 751 1861 habemus
768 1833 797 1861 in
807 1835 887 1862 tertio
897 1832 1085 1862 Maccabaico.

545 1876 635 1902 6שדטר)
644 1875 674 1901 ὡς
685 1875 761 1908 ἐυλο᾽,
768 1874 813 1902 iuv,
821 1871 864 1904 פא
875 1871 909 1904 μὴ
916 1871 947 1901 ὡς
956 1873 1120 1908 σλεονγεξίαν)
1161 1873 1294 1903 Volenter
1302 1873 1372 1903 data.

504 1922 652 1958 Rogamus,
663 1931 719 1949 non
731 1921 868 1958 eripimus.

552 1959 774 2000 Benedictionis
787 1964 911 1997 nomen
925 1953 1020 1997 ſimili
1035 1950 1125 1995 ſenſu
1133 1955 1278 1996 occurrit
1298 1945 1374 1996 Gen.

504 2018 639 2052 XXXII.
647 2016 705 2050 ult.
715 2027 737 2049 1.
747 2019 834 2051 Sam.
842 2019 934 2051 ΧΧV.
936 2017 995 2060 27.
1013 2029 1034 2051 2.
1038 2020 1107 2062 Reg.
1115 2017 1155 2050 V.
1164 2026 1201 2057 15.
1212 2017 1372 2051 Cæterum

501 2062 672 2096 avaritiam
686 2060 917 2108 Theophylactus
933 2062 1033 2096 refert
1048 2073 1115 2096 non
1132 2061 1173 2095 ad
1181 2062 1305 2105 dantes,
1320 2063 1374 2097 ſed

502 2110 543 2144 ad
552 2111 757 2156 accipientes,
776 2111 865 2146 ſenſu
874 2111 1035 2146 ſubtiliori
1051 2110 1169 2155 magis,
1187 2122 1286 2156 quam
1295 2124 1371 2146 con-

501 2171 603 2207 gruo:
619 2175 652 2207 q.
663 2163 696 2196 d.
720 2167 830 2209 Neque
845 2165 925 2197 enim
934 2166 1105 2210 exiſtimetis
1113 2165 1285 2211 cupiditatis
1293 2169 1332 2203 &
1337 2179 1375 2201 a-

499 2212 614 2243 varitiæ
616 2212 729 2253 gratia,
738 2219 801 2255 quæ
810 2220 869 2242 vos
877 2210 1070 2251 contuleritis,
1078 2220 1133 2243 nos
1140 2220 1322 2257 accepturos,
1318 2212 1378 2257 ſed

498 2261 575 2304 quia
581 2262 689 2304 ſumus
703 2259 908 2295 benedictione
922 2271 974 2294 vos
988 2258 1183 2294 condonandi
1196 2259 1374 2307 cupidiores.

497 2313 576 2359 Quo
588 2312 648 2356 ſit,
678 2322 712 2345 ut
726 2313 783 2359 qui
795 2313 1011 2359 eleemoſynam
1027 2315 1068 2349 ab
1082 2315 1185 2349 invito
1204 2315 1373 2361 extorſerit,

500 2362 590 2405 quaſi
607 2363 654 2394 ad
664 2362 834 2395 avaritiam
849 2362 991 2396 videatur
1005 2362 1084 2395 hanc
1098 2361 1195 2406 ipſam
1214 2362 1372 2407 exigere.

500 2414 565 2450 Sed
581 2416 614 2448 in
623 2415 736 2459 aprico
746 2414 791 2449 eſt
798 2413 919 2450 ſenſus:
945 2415 1055 2449 Innuit
1070 2413 1168 2454 enim,
1185 2414 1289 2460 qualis
1302 2428 1372 2450 me-

500 2463 566 2499 rito
583 2463 646 2497 eſſe
661 2463 782 2497 debeat
794 2460 1016 2505 eleemoſyna,
1043 2462 1194 2507 adeoque
1203 2464 1301 2500 tacite
1317 2475 1370 2498 re-

501 2515 604 2560 quirit
611 2515 629 2550 à
638 2515 831 2555 Corinthiis,
840 2525 945 2559 quum
960 2527 1027 2549 non
1036 2525 1150 2549 omnes
1160 2525 1203 2549 ex
1210 2525 1304 2560 æquo
1313 2526 1371 2560 pa-

500 2565 563 2599 rati
575 2563 697 2597 fuerint
713 2566 728 2597 &
742 2558 938 2612 ὠυθαύξετοι:
954 2565 1002 2598 Ut
1010 2566 1134 2599 animus
1142 2564 1179 2598 ſit
1190 2565 1331 2600 liberalis
1340 2571 1370 2602 &

500 2613 673 2655 benignus,
683 2613 713 2644 &
720 2621 837 2644 munus
845 2610 885 2644 ab
897 2613 1009 2648 animo
1018 2610 1227 2657 proficiſcens
1235 2614 1370 2648 liberale

496 2663 544 2702 ſit,
559 2671 626 2695 non
640 2672 776 2706 parcum
793 2662 898 2703 nimis,
914 2675 982 2697 non
998 2662 1178 2702 ſordidum,
1193 2662 1288 2708 quod
1299 2665 1368 2698 ani-

494 2723 586 2749 mum
600 2713 720 2758 prodat
737 2723 898 2756 tenacem,
914 2714 1109 2749 iiliberalem
1130 2717 1153 2748 &
1162 2715 1306 2750 avaritiæ
1321 2717 1368 2751 la-

496 2772 588 2816 queis
603 2771 775 2817 illigatum.

798 2837 965 2873 PARS
1009 2836 1057 2870 II.

498 2883 561 2924 Ad
564 2894 764 2938 promptam
780 2888 826 2929 &
835 2884 1007 2926 liberalem
1024 2888 1370 2927 communicationem

816 2939 1024 2982 exhortatio.

537 3009 646 3041 Verſ.6
666 3011 736 3042 Tẽra
744 3009 793 3044 δὲ)
810 3011 936 3039 Præterea
947 3019 1028 3038 vero:
1048 3009 1149 3050 Supple
1157 3009 1245 3050 cenſui
1255 3021 1303 3042 vos
1311 3021 1370 3040 mo.

496 3052 610 3084 nendos,
620 3053 633 3081 è
642 3050 836 3090 ſuperioribus.

535 3090 584 3125 Έπʹ
593 3091 728 3129 ἐυλογίχῳ
737 3095 768 3123 Id
780 3093 815 3123 eſt
823 3092 982 3124 liberaliter.
991 3096 1033 3125 Sic
1041 3096 1069 3125 &
1078 3095 1227 3127 Ezechielis
1238 3099 1371 3128 XXXIV.

495 3159 524 3177 v.
534 3150 578 3178 26.

537 3177 588 3212 Έπʹ
596 3176 718 3213 ἐυλογίως
728 3174 771 3213 ϰαϳ
779 3177 899 3215 ϑεφίσοι)
914 3180 946 3209 Id
957 3179 1001 3219 eſt,
1009 3180 1032 3210 à
1032 3180 1095 3210 Deo
1104 3179 1226 3217 recipiet.
1234 3182 1369 3219 Frequens

495 3219 615 3251 Hebræis
627 3221 780 3257 translatio,
792 3219 851 3257 Job.
860 3215 899 3259 IV.
909 3224 936 3253 8.
954 3213 1049 3251 Matth.
1069 3223 1188 3255 XXV.24.
1199 3222 1244 3251 26.
1260 3223 1320 3250 Luc.
1332 3223 1371 3251 IX.

490 3273 527 3293 21.
539 3274 576 3295 22.
593 3265 646 3303 Joh.
657 3267 742 3302 IV.34.
756 3276 775 3294 1.
790 3268 850 3294 Cor.
862 3268 902 3296 IX.
914 3277 946 3296 111.
966 3266 1020 3296 Gal.
1037 3269 1151 3306 VI.7.8.9.

539 3308 611 3352 Jam
620 3310 712 3354 quod
722 3308 860 3344 obſcure
878 3317 1069 3351 monuerat,
1088 3309 1231 3354 apertius
1241 3317 1372 3356 propo-

492 3361 551 3403 nit,
566 3364 654 3408 quaſi
667 3363 761 3404 dicat,
779 3362 869 3405 juxta
886 3368 921 3399 B.
933 3365 1051 3399 Hunnii
1066 3363 1288 3412 paraphraſin,
1297 3366 1372 3411 ſunt

487 3410 597 3458 forſan
612 3413 644 3445 in
654 3413 779 3459 Eccleſia
787 3412 881 3457 veſtra
891 3411 1021 3459 quidam
1029 3424 1090 3447 non
1105 3412 1215 3458 optime
1232 3425 1302 3460 erga
1317 3411 1374 3446 hoc

496 3458 687 3505 beneſicentiæ
699 3471 792 3504 genus
800 3459 913 3506 affecti,
930 3460 984 3506 qui
993 3460 1024 3506 ſi
1035 3463 1157 3494 remotis
1167 3455 1290 3496 arbitris
1299 3472 1374 3508 que-

496 3519 566 3552 ant,
577 3521 633 3545 aut
640 3510 721 3544 nihil
727 3521 783 3545 aut
789 3520 904 3556 parum
912 3512 1019 3546 daturi
1017 3513 1093 3558 ſint.
1144 3516 1222 3548 Sunt
1230 3513 1298 3555 alii,
1317 3513 1373 3560 qui

495 3572 560 3596 rem
568 3561 732 3594 accuratius
739 3562 938 3608 penſitantes,
966 3572 1082 3607 æquum
1092 3561 1145 3608 eſſe
1150 3564 1314 3610 ſtatuant,
1340 3572 1374 3596 ut

495 3611 613 3659 honeſto
628 3624 665 3646 ac
673 3614 791 3647 liberali
803 3624 928 3648 munere
933 3615 1142 3659 ſubveniatur
1141 3614 1271 3660 ſanctis.
1328 3620 1369 3650 U-

494 3663 597 3710 trique
604 3662 761 3710 diligenter
766 3664 869 3708 ſecum
877 3670 1032 3710 reputent,
1057 3675 1121 3709 quæ
1135 3664 1270 3701 dicturus
1278 3666 1373 3711 ſum:

494 3714 617 3749 Etenim
625 3714 680 3760 qui
685 3723 777 3757 parce
786 3713 930 3757 ſeminat,
933 3725 1026 3760 parce
1036 3716 1074 3750 &
1080 3724 1185 3750 metet.
1235 3715 1320 3754 Ὑδτο
1336 3711 1371 3753 δὲ

496 3764 551 3797 alii
560 3764 614 3798 hic
622 3758 716 3799 ϰατά
728 3758 819 3801 ποδα
825 3764 985 3799 reddunt:
1012 3769 1077 3800 Hoc
1085 3776 1172 3807 vero,
1187 3764 1312 3802 ſcilicet
1320 3767 1370 3802 di-

501 3830 563 3861 co;
588 3820 732 3855 alludere
741 3820 873 3854 videtur
881 3820 1061 3865 Apoſtolus
1070 3820 1111 3856 ad
1126 3825 1335 3858 Prov.XXII.
1339 3829 1370 3861 8.

496 3871 586 3906 conf.
602 3872 712 3918 Eccleſ.
727 3875 783 3906 XI.
794 3884 817 3907 1.
833 3871 955 3918 Papiſtæ
965 3872 1100 3908 trahunt
1112 3871 1181 3907 hæc
1196 3873 1237 3908 ad
1245 3874 1371 3908 merita.

493 3918 590 3962 Eſtius
597 3927 700 3964 aperte
707 3917 756 3951 hic
754 3917 919 3964 ſignificari
927 3920 984 3960 ait,
993 3919 1147 3954 hominem
1151 3928 1210 3964 per
1217 3929 1302 3965 opera
1311 3920 1371 3953 mi-

488 3967 657 4012 ſericordiæ
666 3970 774 4002 mereri
782 3968 1010 4003 retributionem
1009 3969 1113 4015 futuri
1117 3969 1220 4013 ſeculi,
1236 3970 1277 4004 ſed
1285 3979 1370 4015 quo-

498 4018 601 4053 modo
619 4028 729 4064 aperte
739 4018 820 4052 illud
830 4019 984 4058 innuitur,
1000 4029 1104 4064 quum
1112 4017 1154 4053 de
1167 4020 1287 4054 merito
1297 4020 1368 4054 nul-

496 4069 546 4104 Ius
560 4082 645 4118 apex
662 4071 717 4106 hic
733 4071 903 4115 habeatur,
920 4082 957 4107 ac
972 4082 1013 4107 ne
1021 4070 1158 4118 quidem
1166 4071 1325 4118 implicite
1333 4072 1370 4109 id

1409 542 1590 578 inferatur?
1642 542 1881 588 Conſequentia
1892 544 2015 587 utique,
2034 553 2132 588 quam
2148 545 2277 589 reſpicit

1408 588 1512 634 Eſtius,
1536 600 1603 621 non
1621 589 1778 633 importat
1795 592 1958 623 meritum.
2008 595 2091 637 Sicut
2097 595 2201 633 ſemen
2218 606 2275 624 na-

1406 642 1542 675 turaliter
1557 653 1594 675 ex
1601 642 1667 686 ſeſe
1672 643 1790 688 profert
1798 644 1956 688 fructum,
1981 643 2037 687 qui
2053 646 2164 688 prinde
2185 657 2278 678 natu-

1405 687 1507 720 raliter
1514 698 1552 720 ex
1559 698 1592 720 eo
1608 689 1801 733 expectatur:
1823 692 1866 722 ita
1876 692 1954 720 bona
1972 704 2054 733 opera
2071 693 2177 721 divina
2193 700 2271 723 ordi-

1404 740 1528 772 natione
1542 740 1645 773 valent
1659 739 1705 772 ad
1718 740 1923 784 conſequenda
1932 753 2058 785 præmia
2074 755 2137 783 vitæ
2151 756 2270 777 æternæ,

1393 789 1536 834 ſimiliter
1544 804 1581 826 ex
1593 791 1650 825 illis
1659 792 1856 838 expectanda.
1907 793 2027 837 Ecquis
2046 794 2144 833 dicet,
2159 796 2267 827 ſemen

1402 849 1457 873 aut
1465 840 1621 875 ſationem
1630 843 1747 875 mereri
1763 841 1913 878 fructum.
1966 846 2184 880 Conſequitur
2194 850 2267 887 qui-

1404 892 1479 927 dem
1489 893 1608 929 fructus
1618 894 1728 928 divina
1737 893 1965 929 benedictione
1980 894 2153 934 ſationem,
2169 906 2268 938 atque

1402 950 1445 977 ita
1459 943 1556 977 etiam
1565 945 1695 990 præmia
1711 943 1865 990 conſequi
1881 946 1969 979 bona
1986 955 2086 988 opera
2105 957 2171 979 non
2182 949 2268 993 diffi-

1401 1002 1518 1033 temur;
1525 993 1651 1039 ſequela
1661 1004 1771 1029 autem
1780 995 1883 1031 ſolum
1890 996 2059 1041 reſpicitur
2069 999 2101 1029 in
2111 998 2162 1031 illa
2173 1009 2265 1031 com-

1401 1044 1579 1088 paratione,
1596 1056 1664 1078 non
1673 1046 1837 1080 meritum.
1888 1048 1986 1082 Nulla
1996 1048 2082 1080 enim
2099 1048 2154 1081 hic
2166 1051 2268 1081 meriti

1399 1097 1576 1130 intervenit
1583 1098 1679 1136 ratio,
1695 1107 1797 1141 quum
1808 1109 1895 1131 mera
1905 1098 1941 1132 ſit
1951 1100 2013 1133 Dei
2023 1099 2125 1144 gratia
2136 1109 2203 1132 tum
2214 1111 2267 1132 re-

1399 1146 1586 1181 tributionis
1595 1146 1780 1192 promiſſio,
1799 1158 1867 1181 tum
1877 1147 1940 1193 ipſa
1949 1150 2134 1183 retributio.
2187 1153 2267 1195 Quæ

1401 1206 1554 1240 præterea
1564 1210 1629 1232 non
1639 1197 1680 1231 ad
1690 1198 1789 1244 ipſam
1799 1201 1899 1232 vitam
1908 1210 2067 1238 æternam,
2077 1199 2129 1234 ſed
2141 1203 2181 1233 ad
2194 1212 2267 1236 præ-

1400 1244 1466 1276 mia
1481 1246 1513 1278 in
1535 1245 1597 1278 vita
1611 1254 1740 1285 æterna,
1770 1255 1838 1278 non
1856 1246 1897 1279 ad
1918 1248 2114 1280 eſſentialem
2132 1248 2268 1281 benedi-

1400 1296 1542 1331 ctionem
1555 1300 1585 1330 &
1595 1297 1744 1344 gloriam,
1764 1297 1817 1332 ſed
1827 1298 1868 1331 ad
1876 1298 1986 1343 gloriæ
1994 1299 2112 1342 gradus
2125 1302 2268 1333 referen-

1399 1345 1450 1386 da,
1460 1358 1497 1382 ut
1504 1348 1547 1382 de
1555 1348 1631 1381 loco
1639 1348 1795 1395 parallelo
1809 1351 1879 1384 Gal.
1893 1353 1988 1388 VI.8.
2017 1350 2142 1395 agnoſcit
2151 1354 2267 1385 Bellar-

1397 1399 1496 1431 minus
1506 1398 1527 1432 l.
1537 1399 1578 1432 de
1586 1398 1682 1441 juſtif.
1697 1409 1767 1438 cap.
1778 1410 1801 1441 3.
1812 1408 1848 1431 ut
1856 1409 1999 1438 taceam,
2024 1401 2114 1443 quod
2125 1411 2166 1434 ex
2177 1412 2266 1434 com-

1397 1448 1622 1492 parationibus
1632 1448 1725 1485 firma
1735 1442 1924 1493 argumenta
1934 1461 2000 1483 non
2011 1458 2172 1494 petantur,
2189 1454 2209 1484 ſi
2219 1454 2269 1485 ul-

1397 1506 1446 1531 tra
1461 1500 1596 1533 tertium
1610 1499 1864 1545 comparationis
1874 1501 2101 1534 extendantur.

1439 1590 1513 1620 Verſ.
1524 1599 1552 1626 7.
1569 1586 1680 1624 Έϰαϛος
1689 1585 1770 1619 καθὼς
1779 1590 1939 1628 προαιρέτοι
1948 1590 1982 1625 τῇ
1990 1589 2080 1628 καρθγῳ
2090 1593 2102 1624 )
2125 1600 2156 1620 ut
2171 1595 2231 1621 vult
2239 1596 2269 1623 in

1401 1636 1482 1665 corde
1491 1635 1547 1672 ſuo,
1560 1628 1631 1673 לבו
1644 1634 1738 1672 נרב
1755 1638 1843 1666 Exod.
1854 1640 1941 1667 ΧΧΧ.
1952 1647 1974 1674 5.
2015 1634 2086 1664 Nam
2095 1640 2272 1679 πϱοαιϱϵίϑαϳ

1402 1674 1446 1703 hic
1458 1675 1493 1703 eſt
1502 1675 1582 1711 velle,
1599 1684 1630 1704 ut
1639 1678 1717 1704 Prov.
1730 1677 1802 1705 XXI.
1815 1684 1865 1713 25.
1908 1678 1938 1703 In
1950 1679 2043 1703 Græco
2053 1686 2199 1713 πϱοαίϱεσις
2208 1684 2274 1703 Ari-

1404 1714 1492 1745 ſtoteli
1503 1716 1652 1745 deliberata
1663 1717 1799 1745 voluntas.
1842 1717 2008 1745 Subauditur
2018 1719 2072 1751 hic,
2083 1721 2138 1745 det.

1442 1755 1490 1787 Μὰ
1501 1756 1530 1787 ἐκ
1538 1756 1630 1793 λύπης»
1647 1755 1661 1791 ἡ
1674 1756 1701 1794 εξ
1709 1757 1842 1794 ἀνάγκης
1831 1757 1843 1799 (
1860 1761 1932 1790 Nam
1941 1758 1975 1790 τὸ
1984 1758 2088 1789 ἀκέσιον
2104 1760 2212 1790 laudem
2229 1762 2274 1790 de-

1405 1800 1489 1831 trahit
1503 1800 1617 1831 actioni.

1448 1835 1540 1883 ἱλαρὸν
1548 1840 1601 1880 γὰρ
1615 1839 1686 1874 δότην
1697 1838 1796 1877 ἀγαπῶ
1805 1842 1819 1872 ὁ
1827 1843 1912 1877 Θεὸς)
1935 1845 1979 1873 Eſt
1987 1844 2114 1873 ſententia
2130 1845 2193 1872 trita
2202 1846 2276 1882 apud

1402 1882 1542 1913 Hebræos.
1584 1886 1657 1914 Hinc
1677 1879 1825 1914 Sirachides
1842 1888 1950 1916 XXΧIΙ.
1961 1888 1990 1914 in
2003 1886 2111 1919 Græcis,
2127 1895 2156 1913 in
2167 1891 2274 1914 Latinis

1405 1928 1562 1956 XXXV.11.
1579 1925 1603 1955 ἐν
1619 1923 1695 1963 σώση
1705 1923 1772 1961 δόσει
1790 1927 1912 1966 ἐλώρωσον
1927 1928 1959 1953 τὸ
1968 1928 2103 1964 πρόσωπον
2114 1939 2156 1956 .אס

1452 1976 1558 2023 Apud
1565 1978 1723 2013 Hebræos
1733 1989 1802 2012 non
1814 1979 1906 2014 fuiſſe
1912 1978 2104 2014 ſententiam
2120 1980 2208 2014 illam
2224 1981 2275 2014 in-

1404 2027 1550 2063 uſitatam
1559 2029 1613 2063 vel
1622 2030 1640 2063 è
1649 2029 1780 2064 Siracide
1794 2026 1852 2079 cap.
1881 2026 1987 2076 XXXV.
2000 2042 2025 2064 11.
2046 2031 2171 2065 conſtat.
2188 2030 2273 2080 Conf.

1404 2085 1500 2118 Prov.
1508 2084 1614 2118 XXII.
1621 2087 1654 2121 8.
1670 2091 1733 2127 cap.
1743 2085 1831 2117 XIX.
1841 2096 1886 2126 17.
1936 2084 1973 2118 Si
1973 2084 2064 2118 bona
2072 2083 2191 2118 ſemina
2202 2083 2274 2121 ſunt

1405 2125 1492 2160 bona
1503 2136 1622 2170 opera,
1648 2135 1749 2171 quare
1758 2125 1954 2162 ſeminantur
1963 2139 2037 2162 cum
2048 2128 2214 2171 lacrymis,
2231 2134 2275 2163 ait

1403 2182 1586 2227 Auguitinus
1601 2185 1704 2218 Serm.
1719 2187 1820 2221 XLV.
1850 2187 1929 2221 Vid.
1946 2187 1977 2220 &
1994 2184 2188 2230 Chryſoſtomi
2210 2186 2276 2220 ho-

1404 2226 1515 2268 miliæ,
1540 2220 1635 2271 quod
1650 2225 1853 2270 eleemoſyna
1866 2227 1904 2262 ſit
1920 2229 2068 2262 omnium
2077 2231 2275 2273 quæſtuoſis-

1402 2278 1491 2315 ſima.

1443 2373 1516 2405 Verſ.
1535 2380 1556 2408 8.
1574 2372 1668 2405 Βᾶσαν
1681 2370 1776 2413 χάριν)
1799 2374 1841 2403 Sic
1849 2375 1969 2416 appellat
1975 2368 2029 2416 Dei
2039 2375 2119 2412 dona,
2132 2384 2163 2405 ut
2177 2386 2195 2406 1.
2206 2377 2272 2408 Cor.

1402 2415 1449 2443 III.
1461 2424 1499 2442 10.
1517 2416 1531 2442 &
1540 2414 1622 2442 alibi.

1436 2450 1608 2496 πεϱισσευσαϳ
1621 2453 1654 2486 εἰς
1662 2452 1743 2490 ὑμῶς)
1759 2456 1855 2485 Facere
1862 2465 1893 2485 ut
1901 2456 2042 2486 abundent
2050 2463 2179 2496 הותיר
2189 2461 2276 2495 Nam,

1403 2489 1488 2516 Græci
1496 2492 1585 2516 activa
1593 2491 1703 2516 ſumunt
1717 2497 1767 2524 pro
1776 2492 1919 2527 dupliciter
1926 2496 2031 2524 activis,
2049 2481 2105 2528 qua
2115 2481 2212 2529 Hiphil
2223 2505 2270 2519 vo-

1402 2546 1464 2565 cant
1482 2532 1613 2576 Hebræi.
1630 2538 1672 2565 Sic
1680 2534 1836 2572 βκσιλένεινγ,
1854 2537 1950 2573 facere,
1959 2546 1990 2566 ut
1998 2538 2057 2574 quis
2069 2546 2171 2575 regnet.

1441 2577 1535 2607 Πῶσκν
1548 2573 1702 2614 αὐτάρκειαν
1719 2575 1843 2618 ἔχοντες)
1862 2578 1889 2606 id
1899 2579 1943 2615 eſt,
1961 2582 2082 2607 contenti
2092 2589 2135 2613 iis,
2151 2589 2210 2616 quæ
2224 2588 2273 2606 na-

1400 2628 1459 2649 tura
1469 2622 1607 2650 deſiderat.
1649 2619 1697 2658 Sic
1697 2619 1839 2659 αυταϱϰϵια
1849 2621 1970 2658 ſumitur,
1984 2633 2000 2651 1.
2010 2625 2084 2652 Tim.
2094 2626 2175 2653 VI.6.
2188 2626 2213 2652 &
2223 2625 2273 2653 ἐν-

1398 2660 1494 2699 ταρκὴς
1503 2664 1571 2695 Phil.
1581 2666 1629 2694 IV.
1640 2676 1670 2694 11.
1687 2663 1800 2702 Uſurpat
1809 2668 1836 2695 &
1844 2664 1974 2702 Polybius
1985 2663 2144 2700 αυταϱϰϵιϰν
2149 2666 2200 2693 hoc
2210 2667 2269 2694 ſen-

1398 2702 1435 2732 ſu.
1480 2704 1543 2744 Qui
1554 2701 1605 2731 ſuis
1614 2712 1692 2742 parce
1701 2704 1796 2741 utitur,
1808 2706 1926 2735 multum
1935 2706 1994 2734 aliis
2006 2697 2106 2743 poterit
2118 2709 2187 2734 dare.

1449 2756 1645 2791 Occurritur
1667 2756 1770 2789 tacitæ
1794 2757 1973 2799 objectioni
2001 2758 2199 2791 metuentium
2212 2758 2275 2803 ſibi

1400 2804 1551 2850 inopiam,
1557 2806 1589 2850 ſi
1594 2805 1731 2850 copioſius
1737 2806 1888 2847 tribuant,
1901 2818 1937 2840 ac
1946 2807 2096 2846 docetur,
2114 2810 2275 2853 quicquid

1403 2857 1566 2898 dederint,
1579 2852 1606 2901 ad
1619 2856 1704 2902 ipſos
1713 2868 1789 2890 cum
1797 2857 1929 2892 fœnore
1936 2859 2131 2893 rediturum.
2141 2859 2189 2893 Ut
2197 2869 2278 2904 ergo

1403 2907 1446 2941 de
1461 2910 1566 2955 gratia
1574 2912 1643 2946 Dei
1655 2909 1784 2945 teſtatus
1800 2920 1869 2944 erat
1883 2921 1955 2953 v.7.
1971 2911 2064 2956 quod
2073 2912 2187 2958 diligat
2197 2913 2279 2947 hila-

1403 2969 1474 2994 rem
1491 2957 1653 2999 datorem,
1671 2960 1718 2992 ita
1735 2958 1777 2992 de
1793 2962 1940 3005 potentia
1950 2962 2018 2995 Dei
2032 2968 2106 2998 v.8.
2125 2961 2273 3003 affirmat,

1404 3007 1499 3053 quod
1507 3003 1641 3048 δυνατὸς
1649 3007 1694 3048 ſit,
1706 3019 1743 3042 ac
1751 3009 1897 3054 præſtare
1903 3009 1999 3045 facile
2007 3009 2114 3055 poſſit,
2124 3022 2159 3045 ut
2168 3016 2275 3045 omnis

1405 3062 1508 3105 gratia
1526 3063 1673 3097 abundet
1687 3062 1721 3095 in
1738 3061 1811 3107 ipſis
1825 3063 1901 3097 cùm
1916 3063 2085 3108 corporalis,
2110 3063 2180 3097 tùm
2190 3064 2279 3109 ſpiri-

1404 3108 1508 3149 tualis,
1524 3118 1562 3142 ut
1578 3120 1647 3142 non
1664 3108 1769 3142 modo
1784 3109 1813 3145 ἐν
1822 3108 1921 3144 παντὶ
1935 3107 2206 3145 παντοτεπῶσαν
2216 3114 2278 3145 αν-

1402 3152 1557 3203 τῶρκειον
1576 3157 1608 3189 in
1623 3158 1761 3191 omnibus
1784 3160 1868 3191 omni
1888 3169 2021 3203 tempore
2036 3171 2156 3198 ommem
2168 3165 2280 3204 ſuffici-

1405 3210 1521 3244 entiam
1541 3210 1735 3256 temporalem
1756 3210 1914 3252 habeant;
1943 3211 1998 3246 ſed
2020 3216 2049 3246 &
2066 3209 2222 3247 abundent
2236 3214 2282 3248 ad

1402 3275 1491 3298 omne
1506 3274 1576 3310 opus
1590 3264 1721 3305 bonum,
1749 3274 1786 3297 ut
1803 3277 1861 3310 per
1869 3266 2007 3310 Spiritus
2024 3266 2129 3301 Sancti
2138 3268 2275 3311 gratiam

1402 3309 1602 3358 incrementa
1618 3310 1732 3358 ſumant
1746 3314 1775 3347 in
1789 3314 1872 3356 fide,
1899 3316 2032 3359 pietate,
2049 3315 2231 3356 dilectione,
2243 3320 2273 3350 &

1403 3364 1583 3406 exercitio,
1624 3365 1801 3412 ſtudioque
1817 3367 1984 3400 bonorum
2001 3375 2157 3410 operum,
2202 3378 2272 3401 quo

1404 3413 1529 3459 promti
1545 3414 1605 3449 ſint
1621 3416 1663 3449 ad
1679 3414 1803 3458 majora
1819 3416 1954 3451 ſubinde
1975 3415 2147 3463 præſtanda
2163 3408 2275 3462 opera,

1403 3472 1422 3502 &
1441 3469 1473 3503 ad
1489 3469 1611 3504 fructus
1627 3468 1749 3512 juſtitiæ
1758 3468 1976 3514 proferendos
1994 3471 2026 3503 in
2037 3470 2175 3515 gloriam
2194 3473 2272 3513 Dei,

1403 3522 1422 3553 &
1441 3518 1616 3554 utilitatem
1626 3519 1790 3564 proximi,
1807 3531 1843 3554 ut
1849 3525 1886 3555 B.
1895 3521 2034 3554 Hunnius
2044 3520 2197 3565 explicat,
2217 3522 2274 3561 &è

1400 3571 1566 3619 Pontificiis
1579 3573 1696 3614 Eſtius:
1721 3567 1799 3618 Quo
1807 3574 1912 3618 pacto,
1937 3583 2094 3607 monente
2116 3573 2271 3619 Theophy-

1397 3619 1490 3661 lacto,
1498 3619 1594 3665 ſimul
1607 3619 1735 3665 inſtruit,
1755 3619 1864 3664 quibus
1871 3621 1903 3652 in
1910 3620 1995 3654 rebus
2004 3619 2150 3655 utendum
2160 3622 2198 3666 ſit
2212 3624 2261 3656 do-

1395 3669 1442 3701 nis
1460 3667 1608 3708 Domini,
1633 3678 1668 3701 ut
1674 3666 1789 3711 ſcilicet
1803 3668 1959 3702 abundent
1973 3669 2005 3702 in
2021 3679 2110 3702 omne
2126 3680 2197 3714 opus
2212 3670 2268 3702 bo-

1394 3728 1487 3759 num;
1508 3718 1636 3765 perinde
1642 3731 1678 3753 ac
1685 3719 1716 3765 ſi
1720 3718 1813 3761 dicat,
1839 3720 1872 3753 in
1879 3719 1925 3752 his
1934 3716 2087 3766 equidem,
2095 3731 2157 3765 quæ
2172 3724 2271 3754 carnis

1387 3768 1475 3815 ſunt,
1476 3769 1689 3814 ſufficientiam
1698 3768 1780 3803 vobis
1789 3771 1971 3816 optaverim.
2022 3774 2059 3804 In
2067 3771 2272 3816 ſpiritualibus

1397 3827 1482 3860 vero,
1520 3817 1577 3862 (id
1595 3819 1676 3851 enim
1691 3816 1849 3864 prætendit
1872 3821 1905 3853 in
1928 3829 2016 3853 omne
2040 3830 2109 3866 opus
2134 3820 2269 3864 bonum)

1396 3869 1625 3906 abundantiam
1639 3872 1754 3915 ſcilicet
1773 3872 1811 3909 &
1832 3872 2017 3911 ubertatem,
2043 3881 2077 3904 ut
2096 3882 2156 3905 non
2163 3873 2269 3917 ſolum

1397 3930 1543 3966 magnum
1559 3921 1591 3954 in
1609 3920 1736 3954 modum
1750 3923 1819 3967 quis
1844 3922 2016 3956 clementior
2024 3922 2081 3966 ſit,
2105 3922 2163 3966 ſed
2179 3935 2268 3958 omne

1394 3975 1475 4022 opus,
1490 3971 1560 4018 quod
1570 3977 1671 4009 Deum
1680 3974 1816 4017 oblectet,
1826 3975 1987 4009 liberaliter
1994 3974 2093 4009 obeat.
2135 3977 2197 4010 Cui
2208 3987 2267 4010 ex-

1393 4023 1581 4069 plicationi,
1607 4024 1774 4059 Anshelmo
1796 4027 1895 4060 etiam
1920 4025 2082 4071 probatæ,
2110 4026 2266 4071 congruit

1394 4079 1517 4119 eximiè
1531 4080 1688 4123 probatio
1705 4082 1723 4118 è
1739 4083 1823 4123 Pſal.
1835 4086 1934 4122 CXII.
1947 4095 1979 4123 9.
1997 4082 2133 4120 adducta
2151 4087 2180 4119 &
2197 4095 2267 4123 quæ

665 4130 770 4162 Tom.
786 4129 826 4161 II.

1748 4135 1846 4181 (Tt)

2119 4135 2267 4179 priorem
