3480 4669
884 425 967 496 AD
967 425 1219 496 JEREM.
1219 425 1379 496 CAP.
1379 425 1534 496 XVII.
1534 425 1731 496 v.5.--9.

2103 459 2203 509 417

447 508 481 541 in
489 509 585 547 yerba
595 496 680 554 ejus,
683 494 720 552 &
717 499 849 559 ﬧׅ֜ﬧְבׇﬧרׄ
858 511 961 546 verbo
979 511 1046 555 ejus
1063 518 1301 559 permutantur,

440 562 522 598 eoq;
531 556 623 601 paƈto
633 558 768 593 verbum
775 560 855 594 illud
870 569 945 594 cum
960 561 1095 607 præfixo
1110 561 1138 595 ב
1156 563 1298 600 occurrit

444 604 537 651 Deut.
541 609 640 648 28,66,
655 620 670 646 1.
675 610 760 650 Sam.
764 610 801 657 27,
805 607 852 655 12.
857 612 966 657 Pſalm.
966 614 1060 658 78,22.
1060 614 1135 656 Nec
1142 617 1219 651 alius
1227 616 1297 651 ſen-

444 656 493 692 ſus
496 653 544 703 eſt
548 652 642 704 Exod.
642 667 694 700 14,
702 671 728 702 31.
732 658 921 704 crediderunt
1078 662 1191 698 ביהרה
926 660 1065 696 רבמשה
1198 672 1229 704 in
1232 671 1296 703 Do-

445 705 531 740 minũ
538 708 576 744 &
586 703 624 753 in
633 705 731 756 Moſen,
736 719 828 754 quam
842 710 932 755 quod
943 711 1139 748 crediderint
1146 714 1294 750 Domino

444 762 477 794 &
483 759 697 798 Moſi.Paritet
705 763 929 808 accipiendum
937 766 981 799 eſt
988 766 1067 800 illud
1075 763 1248 810 Exod.19,9.
1257 775 1293 798 ut

442 810 553 846 credat
558 813 700 859 populus
709 816 761 853 בְדׇֽ
768 816 800 850 in
806 827 847 857 te,
855 817 888 851 id
894 811 950 864 eſt,
952 812 1019 866 tibi,
1024 829 1060 852 ut
1073 822 1104 854 &
1121 832 1148 853 2.
1158 823 1235 854 Par.
1242 831 1294 858 20,

439 866 489 893 20.
499 862 606 897 credite
612 856 756 898 בכביאיר
763 867 795 899 in
799 862 962 909 Prophetas
969 864 1038 909 ejus,
1046 866 1079 900 id
1092 866 1148 908 eſt,
1158 865 1290 912 Prophe-

439 910 492 944 tis.
512 912 618 958 Quam
635 912 875 950 conſtruƈtionis
883 915 1020 952 Ebraicæ
1038 916 1182 953 indolem
1190 928 1294 963 quum

440 967 507 991 non
524 958 720 995 intellexerit
729 960 900 1008 Oſtorodus,
916 962 1149 1004 translationes,
1166 975 1238 1010 quæ
1252 965 1294 998 ita

439 1007 666 1050 reddiderunt,
668 1009 700 1056 in
709 1010 819 1051 Dativo,
826 1014 856 1058 &
868 1014 952 1048 reƈte
965 1014 1188 1054 reddiderunt,
1201 1015 1290 1050 caſti-

438 1058 608 1108 gavit,ipſe
615 1063 820 1111 caſtigatione
831 1064 1036 1113 digniſſimus.
1074 1068 1293 1116 Quandoqui-

436 1112 514 1143 dem
517 1115 548 1158 è
550 1111 695 1158 plurimis
703 1111 865 1159 ſcripturæ
875 1114 951 1149 locis
961 1115 1090 1153 conſtet:
1101 1116 1290 1155 falſiſſimum

435 1157 502 1206 eſſe
525 1160 598 1207 quod
618 1159 793 1197 ſecundum
802 1162 961 1198 Ebraicam
975 1163 1131 1200 veritatem
1146 1176 1183 1202 ea
1196 1167 1289 1202 verbi

433 1219 669 1256 conſtruƈtione
678 1211 860 1262 deſignetur
867 1215 1017 1253 fiduciam
1023 1219 1054 1252 in
1066 1217 1189 1264 aliquid
1198 1221 1249 1255 vel
1258 1231 1290 1253 a-

434 1262 560 1309 liquem
576 1263 748 1306 collocare,
762 1266 838 1301 vide
844 1266 912 1313 Job.
921 1280 973 1310 24,
987 1279 1031 1302 22.
1043 1270 1156 1315 Pſalm.
1164 1282 1223 1315 119,
1238 1275 1290 1305 66.

431 1314 523 1345 Prov.
533 1313 627 1354 26,25.
636 1314 819 1357 Jerem.12,5.
828 1314 925 1350 Mich.
932 1327 999 1361 7,5.
1014 1318 1116 1352 Unde
1125 1330 1189 1353 non
1199 1330 1241 1354 ex
1256 1320 1288 1352 vi

432 1362 586 1410 phraſeos
596 1365 752 1413 Ebraicæ,
752 1366 806 1414 ſed
820 1380 863 1404 ex
878 1367 1059 1407 diverſitate
1079 1371 1291 1415 objectorum,

431 1417 466 1448 in
481 1425 552 1461 quæ
569 1413 649 1451 ſides
657 1418 771 1459 tendit,
783 1419 823 1453 de
840 1419 905 1466 ipfa
922 1421 987 1456 fide
1003 1423 1047 1458 eſt
1069 1421 1289 1465 judicandum.

429 1468 510 1505 Non
520 1473 599 1509 ergo
608 1473 651 1497 ex
660 1475 713 1506 eo,
733 1465 806 1515 quod
816 1479 881 1502 non
889 1469 966 1503 Deo
975 1479 1112 1512 tantum,
1120 1470 1174 1506 ſed
1189 1473 1285 1506 etiam

430 1513 529 1549 ſervis
540 1517 610 1555 ejus
618 1516 788 1562 prophetis
802 1517 1001 1554 credendum,
1030 1520 1151 1557 inferre
1168 1522 1213 1556 fas
1229 1522 1287 1564 eſt,

431 1565 529 1610 quod
545 1565 663 1602 fiducia
679 1573 711 1602 in
729 1567 898 1604 hominem
907 1570 1095 1608 collocanda
1107 1571 1159 1612 ſit;
1186 1583 1288 1618 quum

429 1615 564 1651 credere
573 1615 667 1652 alicui
685 1615 841 1668 poſſimus,
841 1614 978 1671 ſidemq;
994 1619 1172 1668 adjungere
1179 1623 1286 1659 verbis

428 1665 507 1709 ejus,
514 1677 547 1711 ut
552 1679 660 1704 tamen
670 1668 703 1701 in
713 1667 769 1702 illo
778 1667 929 1704 fiduciam
937 1680 1004 1704 non
1009 1669 1162 1711 locemus,
1166 1668 1235 1717 imo
1243 1672 1286 1705 ita

432 1716 635 1753 credendum
643 1718 680 1753 ſit
695 1720 842 1756 miniſtris
849 1722 999 1765 Domini,
1008 1733 1046 1757 ut
1055 1725 1154 1760 unice
1168 1725 1286 1761 fiducia

429 1774 537 1809 noſtra
544 1773 674 1808 cumbat
682 1769 716 1804 in
723 1769 889 1811 Domino,
899 1781 963 1804 non
978 1781 1085 1807 autem
1107 1773 1233 1810 locetur
1249 1776 1282 1808 in

423 1816 626 1864 hominibus.
626 1818 727 1866 Quod
735 1828 842 1855 autem
848 1819 983 1869 quædam
994 1823 1110 1870 fiducia
1121 1826 1154 1861 in
1173 1826 1282 1861 homi-

425 1880 468 1905 ne
476 1868 572 1921 locari
585 1868 690 1923 poſſit,
699 1873 777 1909 dum
785 1873 885 1910 ſaltim
899 1876 976 1911 fidei
990 1880 1023 1913 in
1037 1878 1149 1914 Deum
1164 1880 1280 1914 innita-

424 1924 480 1954 tur
493 1922 508 1954 &
526 1920 567 1955 ad
575 1931 646 1956 eam
655 1917 823 1972 referatur,
840 1935 907 1958 mera
927 1922 973 1958 eſt
984 1925 1138 1971 principii
1153 1928 1282 1974 petitio,

424 1979 488 2004 nec
497 1970 516 2002 è
523 1969 678 2017 ſcriptura
689 1971 813 2008 oſtendi
826 1971 936 2025 poteſt,
949 1985 1001 2021 quæ
1015 1985 1053 2008 ut
1058 1972 1208 2022 religioſã
1217 1978 1282 2012 ſer-

424 2020 565 2055 vitutem
573 2025 602 2054 &
612 2021 845 2061 adorationem,
854 2023 896 2056 ita
904 2032 1039 2070 quoque
1048 2025 1198 2061 fiduciam
1207 2028 1282 2062 reli-

423 2070 546 2118 gioſam
556 2073 598 2108 ad
605 2072 708 2111 ſolum
715 2077 827 2111 Deum
847 2077 1030 2125 adſtringit,
1038 2082 1069 2113 &
1081 2079 1104 2113 ſi
1116 2092 1154 2116 ea
1168 2080 1201 2115 in
1215 2081 1283 2116 aliis

427 2121 617 2174 collocetur,
622 2122 875 2174 malediƈtionem
888 2127 1036 2163 minatur.
1045 2128 1107 2174 (8.)
1118 2129 1282 2175 Scriptura

422 2172 455 2204 S.
463 2174 590 2217 quoties
600 2182 642 2214 de
648 2172 793 2220 religioſa
801 2173 921 2214 fiducia
928 2174 1002 2227 agit,
1012 2174 1127 2227 ſemper
1140 2181 1171 2213 &
1191 2178 1280 2224 ubiq;

419 2225 533 2261 Deum
544 2225 633 2260 illum
640 2236 742 2260 unum
751 2225 820 2268 ejus
827 2227 990 2271 objectum
1004 2231 1186 2274 conſtituit,
1200 2232 1278 2267 huic

422 2292 496 2315 toto
504 2280 603 2311 corde
611 2284 845 2319 confidendum
854 2280 953 2316 docet
961 2278 1057 2311 Prov.
1064 2287 1121 2320 3,5.
1132 2281 1164 2313 &
1176 2278 1280 2314 confi-

421 2323 536 2360 dentes
544 2328 577 2359 in
587 2324 656 2372 ipſo
665 2326 775 2362 beatos
783 2330 947 2375 prædicat,
955 2330 1102 2377 fidelesq;
1117 2335 1145 2367 &
1160 2332 1280 2368 ſanƈtos

416 2382 490 2407 non
504 2372 559 2408 niſi
577 2375 609 2408 in
618 2376 768 2412 Domino
782 2376 935 2412 fiduciam
948 2377 1033 2414 ſuam
1047 2380 1215 2416 collocaſſe
1229 2393 1278 2416 te-

419 2428 528 2464 ſtatur.
540 2428 616 2464 Vid.
624 2441 652 2464 2.
659 2432 729 2475 Reg.
738 2436 806 2469 18,5.
814 2442 835 2463 1.
843 2434 918 2466 Par.
933 2444 1000 2473 5,20.
1015 2428 1095 2482 Pſal.
1091 2438 1168 2477 4,6.
1184 2437 1223 2472 &
1242 2448 1274 2479 9,

416 2488 454 2516 11,
473 2479 490 2516 &
512 2486 581 2520 21,8.
603 2481 617 2517 &
640 2491 688 2520 22,
697 2492 722 2523 3.
737 2492 763 2521 5.
795 2483 809 2517 &
829 2494 880 2524 24,
896 2495 919 2519 1.
945 2487 962 2521 &
985 2488 1034 2526 26,
1049 2498 1071 2520 1.
1091 2487 1108 2522 &
1129 2494 1179 2529 28,
1192 2499 1220 2528 7.
1236 2493 1275 2524 &

416 2535 457 2568 33,
469 2536 508 2558 21.
532 2530 548 2563 &
561 2537 603 2569 37,
611 2539 670 2569 3.5.
700 2530 717 2566 &
731 2535 810 2571 52,8.
832 2531 848 2568 &
868 2541 966 2574 55,27.
976 2535 1015 2570 &
1027 2536 1079 2575 56,
1095 2532 1119 2577 3.
1136 2546 1172 2576 4.
1184 2545 1221 2567 11.
1234 2540 1273 2572 &

413 2580 468 2619 62,
476 2583 504 2613 8.
522 2580 539 2615 &
558 2578 654 2620 78,26.
663 2580 701 2615 &
709 2586 806 2622 84,13.
825 2582 842 2617 &
862 2584 914 2626 86,
925 2593 948 2616 2.
963 2578 994 2627 &
1002 2595 1046 2627 91,
1053 2594 1083 2627 2.
1107 2586 1121 2620 &
1140 2594 1223 2628 112,7.
1233 2588 1270 2622 &

416 2631 527 2666 214,17.
532 2631 571 2674 18.
577 2637 620 2671 19.
642 2627 657 2663 &
676 2634 730 2668 118,
739 2635 767 2666 8.
781 2642 810 2671 9.
834 2631 849 2666 &
867 2627 923 2672 125,
932 2642 954 2663 1.
979 2633 993 2668 &
1013 2644 1073 2675 143,
1081 2644 1113 2676 9.
1123 2637 1212 2668 Prov.
1228 2638 1271 2676 16,

413 2683 464 2706 20.
473 2681 537 2717 cap.
546 2680 642 2713 28,25.
652 2685 679 2707 6.
687 2686 736 2719 29,
744 2685 786 2714 25.
794 2675 863 2721 Eſa.
872 2689 939 2719 12,5.
946 2689 978 2711 c.
985 2688 1034 2719 50,
1043 2690 1088 2713 10.
1100 2681 1212 2726 Jerem.
1225 2683 1272 2724 39,

415 2729 457 2760 18.
466 2726 559 2769 Zeph.
571 2734 594 2764 3,
604 2734 630 2756 2.
639 2726 676 2757 In
690 2726 759 2760 aliis
772 2736 878 2762 autem
893 2727 1125 2765 confidendum
1138 2730 1199 2767 eſſe
1215 2743 1273 2766 ne-

415 2785 472 2825 gat,
488 2775 544 2826 ſive
558 2776 662 2819 idolis,
680 2774 730 2827 ſive
746 2777 947 2821 hominibus,
957 2775 1021 2827 ſive
1032 2781 1128 2817 rebus
1140 2783 1274 2829 quibus-

413 2828 573 2872 cunque,
569 2828 588 2876 &
600 2829 658 2873 qui
665 2825 835 2866 confidunt
842 2834 873 2866 in
889 2826 1015 2882 iisdem,
1014 2826 1176 2883 reprobat,
1182 2834 1273 2879 iræq;

416 2877 485 2913 Dei
499 2880 517 2910 &
530 2883 640 2924 pœnis
649 2878 744 2914 variis
753 2879 918 2917 obnoxios
932 2881 1096 2923 decernit;
1106 2895 1144 2920 ut
1160 2886 1274 2920 videre

415 2930 463 2967 eſt
477 2930 555 2977 Pſal.
565 2940 626 2972 44,
639 2937 669 2966 8.
694 2935 712 2967 &
739 2942 798 2975 49,
811 2943 843 2976 7.
859 2936 897 2971 &
903 2945 947 2976 52,
960 2947 986 2976 7.
1009 2939 1024 2974 &
1041 2938 1150 2978 115,16.
1163 2941 1202 2975 &
1218 2946 1272 2980 118,

412 2989 447 3021 9.
463 2979 480 3014 &
501 2981 571 3021 146,
581 2991 608 3014 2.
618 2982 707 3014 Prov.
716 2987 791 3022 1,28.
799 2983 869 3026 Eſa.
882 2992 988 3027 42,17.
1000 2977 1067 3029 Jer.
1076 2996 1145 3026 5,17.
1161 2995 1188 3017 c.
1198 2995 1230 3029 7,
1246 2996 1271 3026 3.

413 3039 474 3071 7.c.
482 3031 585 3071 46,25.
600 3039 620 3062 c.
627 3036 711 3074 48,7.
719 3041 755 3071 13.
765 3042 790 3063 c.
799 3042 856 3074 49,
868 3044 903 3074 4.
917 3036 1025 3071 Ezech.
1038 3037 1083 3076 16,
1097 3048 1136 3077 15.
1151 3047 1223 3079 c.33,
1232 3047 1271 3078 13.

413 3080 480 3125 Oſe.
490 3090 591 3120 10,14.
608 3084 704 3115 Amos
713 3084 773 3123 6,1.
787 3082 902 3124 Hab.
879 3086 910 3131 2,
918 3092 958 3122 18.
985 3085 1017 3119 in
1035 3087 1152 3132 quibus
1165 3088 1273 3122 omni-

413 3130 475 3166 bus
483 3131 561 3166 locis
570 3132 741 3168 adhibetur
758 3135 895 3174 verbum
904 3137 1003 3181 טבה,
1014 3137 1106 3185 quod
1114 3139 1170 3175 hic
1182 3139 1270 3175 uſur-

410 3189 517 3227 patur.
522 3182 639 3231 Manet
639 3184 718 3229 itaq;
728 3186 910 3235 immotum,
911 3186 1053 3232 religioſa
1068 3188 1186 3225 fiducia
1202 3201 1267 3225 non

412 3232 473 3268 niſi
473 3232 511 3269 in
520 3233 588 3270 ſolo
596 3234 673 3271 Deo
682 3235 936 3278 confidendum,
949 3237 1126 3274 ſecundum
1145 3251 1269 3287 perpe-

411 3298 505 3323 tuum
514 3280 684 3329 Scripturæ
693 3284 723 3318 S.
740 3298 901 3324 tenorem.
950 3286 1183 3324 Concludimus
1203 3289 1267 3332 jam

412 3351 488 3375 cum
498 3335 705 3378 Hieronymo
713 3335 778 3370 hoc
778 3336 957 3373 Oraculum
965 3338 1175 3375 incomment.
1185 3340 1225 3375 ad
1225 3340 1267 3376 h.

409 3383 432 3419 l.
443 3384 476 3414 Si
485 3391 659 3425 malediƈtus
668 3385 707 3429 eſt
712 3392 806 3424 omnis
813 3383 914 3426 homo,
921 3386 974 3431 qui
985 3386 1104 3433 confidit
1115 3389 1147 3423 in
1169 3389 1267 3424 homi-

405 3447 470 3477 nes,
477 3445 583 3477 Paulus
589 3451 691 3476 autem
699 3436 906 3481 Samoſatenus
926 3441 946 3474 &
961 3438 1102 3474 Photinus
1112 3440 1192 3485 (nec
1201 3451 1266 3474 non

406 3492 542 3528 Socinus
551 3483 763 3532 ejusdemque
772 3486 909 3533 cohors)
924 3491 1059 3534 quamvis
1070 3491 1215 3537 ſanƈtum
1227 3497 1265 3531 &

405 3543 517 3571 cunƈtis
531 3535 674 3573 excelſum
692 3544 856 3577 virtutibus
863 3533 1021 3581 prædicent
1040 3535 1265 3582 ſalvatorem,

407 3605 510 3629 tamen
526 3590 676 3625 hominem
684 3586 885 3634 confitentur;
908 3590 988 3635 Ergo
1001 3589 1155 3628 maledicti
1172 3600 1279 3629 erunt

398 3635 478 3679 ſpem
486 3639 627 3675 habentes
634 3640 666 3671 in
672 3641 799 3678 homine.
807 3639 842 3688 Et
849 3649 923 3674 cum
932 3637 1097 3687 Epiphanio
1106 3642 1138 3676 in
1148 3644 1280 3678 Anco-

404 3701 476 3724 rato
476 3701 516 3725 n.
526 3696 580 3728 94.
589 3694 637 3728 95.
645 3696 680 3731 p.
687 3691 742 3731 96.
761 3692 887 3727 Nemini
892 3690 1045 3736 obſcurum
1052 3692 1111 3737 eſt,
1119 3695 1193 3741 quin
1194 3695 1279 3740 ſine

403 3736 466 3768 ulla
474 3745 658 3777 dubitatione
656 3739 838 3783 fateamur,
853 3739 1018 3773 Dominum
1032 3751 1068 3773 ac
1084 3744 1186 3775 Deum
1200 3738 1279 3779 λό-

401 3796 461 3831 γον
473 3786 621 3823 hominem
630 3788 680 3835 eſſe
687 3801 744 3825 non
745 3787 906 3837 ſecundum
914 3794 1135 3840 apparentiam,
1136 3797 1198 3840 ſed
1206 3806 1278 3831 ve-

400 3841 547 3881 ritatem.
547 3848 659 3882 Verum
666 3857 724 3881 non
731 3839 872 3884 ejusmodi
880 3840 967 3875 homo
975 3840 1026 3886 eſſe
1036 3842 1198 3878 credendus
1204 3845 1255 3891 eſt,

401 3887 456 3931 qui
474 3887 519 3921 ad
533 3893 720 3929 divinitatem
734 3888 866 3936 quadam
875 3891 1066 3938 progreſſione
1074 3897 1253 3941 pervenerit.

399 3941 472 3973 Non
480 3941 556 3973 enim
563 3941 594 3973 in
603 3946 722 3982 homine
724 3941 786 3987 ſpes
795 3942 832 3988 eſt
840 3943 950 3989 ſalutis
964 3944 1063 3989 noſtræ
1083 3947 1249 3992 conſtituta.

397 3986 551 4033 Siquidem
560 4000 596 4022 ex
603 3991 740 4036 univerſis
747 3989 924 4033 hominibus,
934 3994 986 4039 qui
999 3989 1035 4040 ab
1047 3992 1165 4031 Adamo
1174 4006 1251 4043 pro-

390 4040 499 4084 pagati
509 4038 582 4090 ſunt
580 4040 679 4095 ſalutẽ
692 4041 795 4093 afferre
792 4041 885 4093 nobis
886 4056 970 4080 nemo
977 4049 1097 4094 potuit,
1102 4048 1164 4093 ſed
1168 4054 1251 4084 Deus

393 4092 557 4137 duntaxat,
577 4096 596 4134 &
610 4096 731 4139 verbum
750 4101 832 4136 Homo
842 4098 965 4151 faƈtum,
979 4106 1009 4137 ut
1023 4110 1059 4139 ne
1067 4099 1130 4150 ſpes
1151 4104 1182 4140 in
1195 4103 1268 4142 ho-

1342 520 1420 553 mine
1426 519 1528 567 noſtra
1530 517 1582 576 ſit,
1580 518 1632 568 ſed
1637 526 1668 557 in
1678 527 1742 560 Deo
1755 529 1821 561 vivo
1828 520 1935 579 poſita,
1945 532 1999 576 qui
2012 541 2102 564 verus
2116 530 2205 565 homo

1333 559 1375 616 ſit
1376 566 1497 615 faƈtus;
1514 563 1761 612 ἐπιϰατάρατος
1770 565 2144 617 γὰρ,Φησὶν,ὁἐλπίζων
2155 575 2209 613 ἐπ΄

1341 610 1529 660 ἄνϑϱωπον.
1534 616 1712 663 Malediƈtus
1719 630 1796 660 enim
1803 622 1852 660 eſt,
1855 624 1904 665 qui
1912 622 2034 664 confidit
2040 634 2072 667 in
2078 614 2210 669 homine.

1381 670 1459 703 Verſ.
1463 669 1500 705 6.
1510 675 1598 702 ERIT
1625 675 1721 705 ENIM
1745 663 1863 715 QUASI
1880 679 2033 710 MYRICÆ
2059 679 2107 710 IN
2141 682 2211 710 DE-

1343 717 1487 754 SERTO]
1503 706 1615 749 ערער
1624 720 1668 747 alii
1681 717 1826 756 myricam,
1844 719 1891 747 alii
1906 720 2060 758 juniperum
2082 731 2208 752 vertunt:

1341 761 1400 790 quo
1409 753 1485 783 ſenſu
1496 756 1523 783 &
1532 754 1636 785 Arabes
1645 765 1742 785 vocem
1753 756 1870 786 eandem
1887 760 2024 797 uſurpant.

1426 803 1473 832 ET
1492 804 1577 833 NON
1599 806 1752 835 VIDEBIT
1775 809 1858 836 CVM
1878 808 2038 839 VENERIT
2052 808 2210 846 BONUM]

1339 834 1371 863 Id
1379 831 1426 874 eſt,
1431 840 1500 875 quæ,
1507 842 1566 870 cum
1576 845 1684 874 tempus
1691 846 1793 868 venerit
1801 839 1943 870 arboribus
1954 843 2073 872 fruƈtum
2088 844 2215 873 eſculen-

1340 886 1397 907 tum
1407 880 1580 919 proferendi,
1590 882 1646 921 ipſa
1660 883 1728 913 nihil
1740 884 1839 922 profert
1853 886 1919 918 tale.
1947 890 2028 917 Hunc
2036 889 2142 918 ſenſum
2156 899 2212 917 no-

1340 919 1381 949 bis
1390 921 1493 951 indicat
1502 920 1660 952 membrum
1670 923 1838 960 oppoſitum.

1438 968 1476 996 IN
1497 965 1621 997 TERRA
1641 968 1852 1001 SALSUGINIS
1867 972 1914 1001 ET
1932 972 2089 1004 INHABIT
2101 973 2209 1009 ABILI]

1339 1002 1439 1043 Qualis
1449 1012 1518 1035 terra
1530 1008 1728 1041 Sodomorum,
1739 1018 1774 1038 ait
1785 1010 1828 1038 hic
1838 1011 1992 1040 Chaldæus.

1379 1050 1447 1079 Verſ.
1459 1055 1487 1086 8.
1515 1052 1665 1082 LIGNUM
1684 1053 1823 1093 QUOD
1849 1059 2201 1091 TRANSPLANTATUR

1338 1093 1444 1122 SVPER
1466 1092 1611 1135 AQVAS]
1638 1092 1722 1132 Quaſi
1744 1093 1825 1123 arbor
1840 1094 1961 1134 plantata
1984 1106 2094 1135 propter
2111 1108 2198 1127 rivum

1335 1142 1421 1172 aquæ.

1413 1176 1460 1203 ET
1480 1174 1520 1203 IN
1541 1175 1715 1207 TEMPORE
1735 1174 1956 1213 SICCITATIS]
1976 1172 2110 1214 ἀβϱαχίας,
2123 1187 2196 1210 ἀνομ-

1336 1208 1415 1251 βρίας.
1436 1215 1479 1244 Eſt
1487 1216 1530 1244 hic
1539 1216 1632 1245 eadem
1643 1226 1697 1246 vox
1705 1219 1733 1247 in
1742 1215 1861 1249 Hebræo
1871 1228 1931 1258 quæ
1939 1219 2013 1257 ſupra
2029 1228 2080 1257 14,
2090 1226 2110 1247 I.

1378 1253 1461 1298 Verſ.
1456 1259 1492 1300 9.
1512 1257 1668 1290 PRAVUM
1689 1264 1753 1292 EST
1770 1265 1849 1293 COR
1872 1265 2055 1302 OMNIUM]
2071 1265 2199 1303 Doloſum.

1337 1297 1381 1325 De
1387 1297 1485 1334 Judæis
1500 1296 1636 1336 plerisque
1644 1299 1718 1327 illius
1727 1308 1859 1338 temporis
1868 1301 1999 1339 loquitur.

1417 1343 1465 1371 ET
1487 1344 1771 1382 INSCRUTABILE]
1791 1349 1853 1375 Vox
1863 1346 1975 1376 Hebræa
1985 1349 2066 1381 אכש
2088 1350 2103 1378 à
2114 1349 2200 1379 Chal-

1337 1376 1396 1406 dæo
1408 1379 1519 1407 vertitur
1527 1379 1660 1416 validum,
1672 1382 1699 1410 id
1711 1382 1759 1415 eſt,
1769 1383 1881 1412 durum.

1392 1425 1470 1459 Non
1487 1423 1528 1457 de
1543 1424 1685 1470 acquiſita
1701 1425 1796 1460 cordis
1805 1430 1988 1473 pravitate,
2010 1432 2197 1474 Judæorum

1335 1473 1534 1519 propria,ſed
1542 1476 1584 1510 de
1593 1471 1736 1523 naturali,
1742 1473 1890 1523 omnibus
1898 1480 2084 1517 hominibus
2100 1489 2193 1516 com-

1330 1522 1427 1559 muni
1442 1525 1592 1571 querirur
1606 1527 1784 1575 Propheta:
1797 1530 1882 1576 Quia
1899 1529 2067 1567 indefinite
2083 1533 2194 1577 loqui-

1337 1581 1397 1607 tur:
1409 1571 1531 1611 Pravum
1544 1587 1603 1611 cor.
1616 1577 1655 1609 Et
1669 1587 1706 1610 ut
1720 1583 1883 1618 Dominus
1894 1590 1950 1612 cor
1966 1581 2115 1615 omnium
2129 1586 2195 1615 ho-

1306 1622 1458 1660 minum
1469 1623 1642 1671 cognoſcit;
1645 1625 1692 1675 ita
1693 1631 1839 1663 omnium
1848 1641 1905 1662 cor
1913 1640 2050 1676 pravum
2066 1636 2096 1665 &
2112 1642 2194 1676 per-

1306 1672 1459 1710 verſum
1468 1675 1529 1710 eſſe
1536 1675 1642 1722 docet,
1652 1675 1705 1724 Ego
1717 1680 1862 1713 Dominus
1861 1680 2005 1724 ſcrutans
2015 1693 2063 1714 cor
2072 1685 2109 1718 &
2117 1692 2197 1726 pro-

1340 1723 1410 1759 bans
1419 1734 1511 1760 renes.
1520 1728 1593 1773 Quæ
1601 1726 1747 1775 reſtringi
1756 1740 1842 1765 certe
1853 1742 1918 1765 non
1935 1733 2065 1777 poſſunt
2081 1737 2121 1769 ad
2139 1739 2197 1776 Ju-

1332 1769 1417 1806 dæos.
1425 1774 1578 1808 Similiter
1584 1774 1694 1810 David
1704 1777 1751 1811 Pſ.
1770 1788 1841 1819 14,2.
1859 1781 1936 1811 Deum
1952 1777 1967 1811 è
1975 1778 2048 1812 cœlis
2055 1779 2198 1826 proſpici-

1336 1830 1433 1856 entem
1440 1824 1533 1870 ſuper
1538 1826 1620 1871 filios
1646 1824 1814 1867 hominum,
1821 1837 1853 1876 ne
1864 1836 1950 1869 unum
1975 1832 2122 1870 invenire,
2140 1833 2198 1877 qui

1330 1861 1438 1905 bonum
1438 1873 1555 1918 faciat,
1564 1876 1766 1921 conqueritur.
1790 1884 1890 1917 Unde
1905 1878 2053 1922 generale
2070 1890 2199 1927 axioma

1303 1935 1387 1960 eſt,
1403 1924 1479 1972 quod
1489 1927 1646 1975 unicuique
1651 1927 1710 1962 dat
1719 1933 1801 1963 Deus
1800 1931 1897 1975 juxta
1912 1941 1991 1966 viam
1999 1932 2111 1977 ſuam,
2116 1943 2199 1977 jux-

1332 1988 1354 2010 ta
1370 1973 1499 2022 fruƈtum
1517 1986 1627 2022 operum
1633 1979 1788 2025 ſuorum:
1793 1981 1835 2014 ita
1853 1992 1917 2015 non
1934 1982 2038 2015 Minus
2056 1993 2198 2029 genera-

1329 2026 1368 2060 lia
1376 2024 1446 2060 ſunt
1458 2027 1616 2062 axiomata
1626 2028 1666 2060 de
1676 2022 1918 2078 ϰαϱδιογνωσία
1935 2032 2048 2073 divina,
2050 2030 2142 2085 quod
2152 2046 2193 2067 o-

1331 2074 1454 2109 mnium
1462 2075 1561 2111 corda
1570 2075 1732 2119 ſcrutatur,
1743 2082 1772 2115 &
1783 2082 1824 2113 de
1833 2075 1992 2128 pravitate
2004 2085 2111 2118 cordis
2126 2085 2189 2119 hu-

1332 2138 1426 2164 mani,
1429 2127 1521 2179 nobis
1531 2127 1734 2178 inſcrutabili.
1738 2130 1866 2179 Adhæc
1873 2135 1999 2181 juſſerat
2013 2138 2189 2187 Propheta,

1321 2178 1381 2223 ſoli
1388 2183 1454 2215 Deo
1461 2180 1632 2230 confidere,
1635 2194 1701 2217 non
1716 2185 1749 2218 in
1762 2186 1957 2222 hominibus.
1971 2187 2089 2224 Addit:
2102 2194 2187 2224 Pra-

1328 2239 1398 2262 vum
1406 2226 1444 2273 eſt
1452 2241 1502 2263 cor
1508 2227 1637 2266 hominis
1647 2234 1687 2269 &
1693 2234 1837 2268 anxium:
1853 2234 1932 2281 Quæ
1947 2235 2047 2271 verba
2063 2237 2116 2270 vel
2128 2248 2186 2270 ra-

1301 2289 1429 2313 tionem
1447 2281 1624 2322 continent,
1629 2285 1684 2328 cur
1691 2283 1725 2316 in
1732 2283 1867 2319 homine
1876 2285 2106 2322 confidendum
2118 2299 2186 2322 non

1327 2333 1381 2367 ſit:
1401 2341 1499 2378 atque
1514 2332 1556 2367 ita
1558 2336 1740 2381 generaliter
1754 2338 1961 2384 intelligenda
1976 2339 2070 2382 ſunt,
2103 2344 2185 2379 nulli

1326 2380 1495 2415 hominum
1504 2377 1736 2418 confidendum
1744 2382 1815 2431 eſſe,
1832 2387 1895 2428 quia
1913 2398 1960 2420 cor
1965 2387 2118 2422 hominum
2133 2397 2185 2422 cor

1299 2438 1450 2475 pravum
1464 2432 1505 2467 &
1513 2427 1775 2480 ſupplantativum
1794 2435 1853 2470 eſt:
1870 2435 1922 2472 vel
1938 2437 2056 2482 cauſam
2071 2439 2185 2475 debor-

1299 2489 1444 2514 tationis
1450 2480 1610 2525 reddunt:
1629 2494 1686 2517 cur
1702 2484 1719 2516 à
1732 2484 1927 2520 confidentia
1943 2487 1974 2520 in
1992 2486 2182 2523 hominibus

1313 2531 1352 2566 &
1363 2530 1543 2567 diffidentia
1559 2528 1598 2577 in
1594 2535 1670 2568 Deo
1683 2536 1822 2570 maxime
1832 2535 2014 2572 cavendum
2030 2537 2081 2579 ſit,
2101 2539 2179 2584 quia

1298 2585 1430 2613 natura
1437 2589 1487 2613 cor
1493 2580 1624 2616 hominis
1630 2581 1791 2626 tumidum,
1801 2586 1839 2622 &
1853 2586 1994 2621 timidum
2007 2587 2063 2633 eſt,
2077 2588 2181 2623 adeo-

1319 2641 1386 2675 que
1402 2632 1443 2667 ad
1451 2634 1528 2669 vitia
1537 2635 1589 2669 illa
1601 2635 1693 2670 nimis
1702 2637 1862 2683 proclive.
1870 2639 1971 2673 Unde
1979 2641 2073 2675 etiam
2084 2648 2177 2687 optat

1317 2681 1469 2726 Jeremias
1479 2680 1546 2730 ipſe
1554 2683 1593 2719 ab
1601 2684 1662 2720 hac
1669 2687 1827 2733 pravitate
1838 2684 1946 2739 ſanari,
1948 2698 2029 2732 v.14.
2029 2690 2118 2738 Sana
2129 2701 2178 2726 me

1320 2736 1448 2770 Domine
1462 2740 1480 2774 &
1499 2731 1638 2785 ſanabor.
1640 2733 1741 2784 Porro
1753 2739 1907 2787 graphice
1916 2742 2103 2779 deſcribitur
2115 2744 2181 2780 iſtis

1297 2780 1424 2816 verbis
1432 2781 1545 2819 malum
1552 2781 1704 2831 originale.
1728 2785 1833 2828 Hujus
1852 2788 1937 2822 enim
1955 2794 2080 2829 ratione
2095 2806 2177 2829 vere

1319 2841 1376 2865 cor
1390 2830 1568 2868 humanum
1572 2827 1672 2884 עׇקנ
1678 2847 1812 2884 pravum
1830 2837 1869 2882 eſt
1879 2848 1940 2884 præ
1960 2839 2110 2881 omnibus,
2123 2842 2175 2876 vel

1296 2878 1547 2926 ſupplantatum,
1554 2883 1588 2934 ab
1604 2874 1685 2933 עקנ
1689 2884 1901 2933 ſupplantare,
1905 2887 1985 2940 quod
2000 2895 2044 2926 uti
2055 2897 2105 2927 via
2114 2900 2175 2935 pe-

1296 2933 1408 2972 dibus
1417 2938 1532 2973 calcata
1540 2937 1708 2985 planitiem
1716 2943 1844 2985 amittit,
1845 2940 1869 2989 &
1881 2944 1953 2989 poſt
1961 2945 2071 2981 calloſa
2075 2940 2124 2996 fit,
2137 2958 2172 2982 at-

1296 2989 1380 3026 que
1390 2980 1551 3028 aſpera,ita
1561 2995 1618 3019 cor
1625 2990 1768 3028 hominis
1776 2988 1880 3033 prima
1896 2996 2085 3031 reƈtitudine
2105 2993 2175 3036 pri-

1315 3038 1427 3079 vatum
1422 3031 1477 3085 ſit,
1479 3035 1548 3083 inq;
1558 3036 1626 3080 ejus
1634 3039 1742 3073 locum
1753 3042 1892 3087 pravitas
1909 3047 1938 3078 &
1954 3044 2085 3079 durities
2103 3045 2174 3079 ſuc-

1313 3078 1450 3126 ceſſerit,
1452 3086 1491 3134 ut
1492 3092 1526 3124 B.
1539 3090 1722 3127 Chemnitius
1732 3095 1763 3128 in
1771 3096 1835 3130 LL.
1843 3096 1909 3130 CC.
1919 3100 1991 3135 pag.
2002 3101 2059 3133 253.
2068 3107 2171 3130 anno-

1295 3140 1405 3175 tavit.
1414 3141 1514 3178 Conf.
1537 3141 1585 3177 Eſ.
1599 3153 1693 3185 40,5.
1721 3143 1853 3181 Dicitur
1867 3156 1973 3180 autem
1987 3159 2123 3192 pravum
2141 3155 2171 3185 &

1312 3184 1500 3233 perverſum
1507 3177 1590 3232 מכּﬧ
1600 3193 1676 3238 quia
1686 3190 1766 3226 nihil
1776 3194 1909 3227 omnino
1923 3193 1967 3227 eſt
1982 3193 2074 3239 ſupra
2092 3208 2172 3239 per-

1313 3239 1493 3276 verſitatem
1501 3242 1634 3278 humani
1642 3240 1760 3294 cordis,
1770 3255 1830 3290 quæ
1840 3246 1859 3279 è
1869 3245 1955 3292 lapſu
1962 3248 2167 3284 redundavit.

1310 3289 1392 3326 Inde
1402 3291 1506 3325 omnis
1514 3291 1572 3326 alia
1581 3290 1702 3334 α΄νομία
1709 3296 1738 3327 &
1745 3296 1943 3341 perverſitas.
1976 3299 2022 3331 Et
2022 3299 2108 3333 tanta
2122 3302 2166 3337 eſt

1310 3335 1459 3384 profeƈto
1468 3339 1573 3373 cordis
1580 3340 1947 3389 humaniperverſitas,ut
1956 3347 2072 3383 merito
2080 3337 2166 3383 מכﬧ

1303 3398 1367 3435 præ
1373 3388 1506 3424 omnibus
1516 3395 1545 3425 &
1544 3392 1643 3437 ſupra
1651 3396 1752 3428 omnia
1764 3395 1911 3440 perverſũ
1920 3397 2058 3434 dicatur:
2074 3397 2167 3444 quod

1311 3438 1390 3472 omni
1397 3442 1558 3486 tempore,
1536 3444 1568 3485 in
1584 3439 1715 3476 omnibus
1729 3442 1858 3485 aƈtibus,
1870 3441 1966 3478 modis
1983 3444 2113 3481 omnibus
2127 3446 2166 3485 &

1302 3490 1393 3537 ſuper
1400 3491 1524 3535 omnia,
1511 3491 1557 3540 ita
1560 3495 1750 3541 propendet
1759 3496 1891 3542 inprava
1900 3497 2020 3539 omnia,
2024 3505 2061 3546 ut
2067 3510 2165 3535 nemo

1304 3545 1372 3582 ſatis
1381 3546 1414 3579 id
1423 3546 1702 3592 comprehendere
1709 3560 1763 3585 aut
1770 3550 1877 3585 verbis
1887 3552 2051 3599 explicare
2059 3553 2165 3600 poſſit.

1308 3595 1401 3631 Mille
1407 3594 1621 3632 vias&modos
1631 3598 1794 3644 pravitatis
1802 3597 1860 3634 ſuæ
1869 3603 1980 3642 novit,
1989 3604 2055 3636 imo
2067 3605 2163 3637 innu-

1306 3651 1423 3676 meros.
1443 3644 1532 3679 Vere
1540 3656 1596 3679 cor
1604 3646 1778 3681 humanum
1788 3648 1912 3683 ratione
1921 3648 2014 3692 hujus
2024 3652 2096 3685 mali
2114 3654 2160 3689 eſt

1304 3690 1390 3731 אכש
1390 3692 1520 3738 anxium,
1528 3695 1684 3741 miſerum,
1698 3707 1736 3730 ac
1750 3697 1941 3733 vehementer
1961 3700 2160 3738 morbidum,

1304 3730 1372 3787 atq;
1386 3741 1561 3790 inſanabile.
1563 3745 1628 3795 Quo
1642 3743 1732 3779 ſenſu
1739 3758 1808 3781 vox
1816 3746 1868 3780 illa
1876 3747 2032 3794 accipitur
2040 3753 2159 3795 Jerem.

1302 3802 1381 3836 15,18.
1390 3808 1412 3829 c.
1420 3801 1516 3841 30,16.
1526 3800 1623 3836 Mich.
1632 3812 1654 3839 1,
1666 3814 1696 3844 9.
1710 3803 1796 3848 Quia
1805 3803 1977 3840 miſerrima
1991 3810 2019 3839 &
2028 3808 2154 3841 incura-

1302 3852 1373 3887 bilis
1383 3852 1426 3886 eſt
1433 3854 1486 3887 illa
1493 3852 1625 3888 humani
1634 3855 1742 3889 cordis
1752 3856 1955 3902 depravatio,
1964 3866 2033 3901 quæ
2043 3859 2085 3893 nõ
2096 3860 2155 3895 niſi

1300 3908 1374 3933 cum
1383 3896 1446 3944 ipſa
1456 3900 1520 3933 vita
1526 3900 1666 3935 exuitur.
1680 3902 1802 3948 Deniq;
1810 3902 1852 3936 de
1860 3902 1920 3938 hac
1927 3905 2084 3950 pravitate
2095 3916 2153 3940 ve-

1297 3962 1333 3984 re
1341 3951 1496 3986 exclamat
1505 3951 1687 4000 Propheta:
1697 3956 1779 3998 Quis
1788 3959 1952 4001 cognoſcet?
1962 3960 2051 3996 Nam
2063 3961 2152 3998 abyſ-

1298 3996 1345 4038 ſus
1354 3996 1417 4046 illa
1422 3996 1700 4046 imperſcrutabilis
1711 4004 1774 4041 eſt,
1794 4003 1952 4048 ſcaturigo
1964 4009 2149 4046 inexhauſta

1293 4051 1397 4088 omnis
1405 4048 1540 4103 malitiæ,
1553 4054 1633 4097 cujus
1642 4055 1823 4104 τὸβάϑος
1831 4058 2025 4105 cognoſcere
2035 4072 2149 4106 præter

1295 4105 1406 4147 Deum
1416 4115 1514 4145 nemo
1524 4107 1639 4155 poteſt.
1691 4112 1762 4150 Nos
1776 4110 1852 4150 mali
1865 4110 1960 4157 hujus
1969 4124 2146 4153 extremam

2112 4165 2154 4207 &
