1484 2366
483 386 748 452 frequentius
774 388 817 433 in
858 389 980 434 ſacris
1021 399 1101 432 nec
1143 382 1409 447 elegantius.

484 457 650 501 Malunt
675 453 805 508 igitur
826 449 1032 496 Davidem
1059 458 1282 499 autorem,
1312 444 1410 500 qui

484 513 710 572 plerosque
731 510 911 558 Pſalmos
922 509 973 554 ab
991 510 1062 553 illo
1074 507 1287 567 profectos
1299 506 1388 550 exi-

489 569 682 613 ſtimant:
724 568 999 609 Immemores
1009 563 1195 610 interim,
1206 557 1390 617 permul-

488 640 554 674 tas
579 633 625 674 in
643 630 901 674 Pſalmorum
929 624 1147 670 volumine
1175 625 1389 667 orationes

491 698 662 732 autores
693 685 857 731 habere
903 685 1005 728 alios
1051 685 1155 728 citra
1199 679 1389 726 dubium.

492 743 716 804 Conjicere
740 758 812 789 aut
831 741 1005 789 definire
1029 741 1184 787 docent
1208 742 1388 783 circum-

491 810 670 859 ſtantiæ,
699 810 742 850 in
777 807 969 850 oratione
995 801 1204 859 ſuggeſtæ.
1292 802 1388 856 Quo

485 862 580 923 jure
593 865 705 909 uſuri
721 864 763 906 &
780 874 879 913 nos,
915 873 968 905 ex
986 868 1076 902 toto
1096 859 1299 904 orationis
1319 857 1388 900 ha-

494 925 583 970 bitu
602 922 844 979 colligimus
859 930 1049 966 autorem
1059 919 1138 964 eſſe
1149 918 1308 978 Eſram,
1318 911 1388 973 qui

490 980 653 1024 nomine
684 975 798 1032 Moſis
821 978 1106 1033 precationem
1128 971 1384 1019 condiderit.

492 1039 622 1090 Quod
634 1038 724 1081 ſatis
738 1036 969 1080 luculenter
991 1032 1192 1078 conſtabit
1225 1045 1278 1076 ex
1296 1042 1389 1074 ora-

496 1097 626 1139 tionis
642 1102 840 1140 contextu
868 1092 908 1134 &
929 1089 1108 1135 hiſtoriæ
1118 1090 1205 1133 filo.
1261 1091 1392 1134 Extra

495 1149 849 1199 controverſiam,
866 1148 953 1203 agit
971 1155 1094 1188 autor
1111 1144 1325 1203 ſpeciatim
1343 1143 1393 1190 de

488 1215 615 1273 gente
623 1209 874 1271 Judaica,
839 1203 858 1265 &
883 1207 998 1266 hujus
1003 1206 1117 1266 ſtatu
1127 1220 1176 1252 ac
1181 1204 1393 1266 fatis,non

498 1273 552 1318 de
562 1270 791 1317 individuis
799 1280 871 1315 aut
877 1266 1064 1327 perſonis
1071 1263 1267 1312 humanis
1275 1266 1317 1307 in
1327 1275 1393 1322 ge-

496 1347 623 1382 nere:
655 1334 719 1377 De
727 1330 863 1391 populi
874 1330 1044 1388 Judaici
1053 1327 1258 1387 republica
1267 1325 1393 1384 ejusq;

488 1389 692 1452 fortuna,
703 1401 788 1431 non
800 1389 851 1432 de
860 1386 1046 1432 hominis
1055 1395 1187 1431 ætate.
1212 1383 1339 1441 Quod
1349 1391 1394 1427 ut

498 1455 643 1494 curate
655 1445 923 1501 intelligatur,
940 1437 1182 1506 repetendum
1212 1455 1266 1485 ex
1277 1440 1391 1497 hiſto-

498 1509 568 1555 ria
588 1504 768 1554 Judaica,
782 1497 872 1555 mille
881 1516 1011 1548 annos
1019 1500 1183 1549 fluxiſſe
1192 1501 1218 1543 à
1227 1502 1333 1556 Moſe
1340 1493 1396 1549 ad

498 1553 723 1621 Eſram,
676 1555 720 1616 ab
736 1563 851 1605 exitu
870 1570 923 1602 ex
932 1567 1102 1615 ægypto
1119 1554 1170 1601 ad
1189 1555 1394 1612 templum

499 1619 747 1675 ſecundum,
781 1622 1054 1666 inſtauratum
1087 1621 1158 1666 ſub
1181 1617 1395 1664 Zacharia,

501 1689 602 1733 Eſra
620 1682 658 1727 &
658 1682 879 1727 Nehemia.
905 1672 1168 1742 Chronologia
1185 1676 1251 1723 his
1260 1677 1396 1724 effun-

503 1741 575 1785 det
586 1740 729 1784 lumen
741 1733 1017 1788 clariſſimum.
1037 1736 1214 1790 Plerique
1228 1734 1396 1778 conſen-

503 1799 637 1844 tiunt,
667 1794 694 1838 à
714 1794 819 1847 Moſe
850 1791 877 1844 &
907 1792 1021 1835 exitu
1032 1787 1167 1849 populi
1185 1778 1239 1829 ex
1251 1794 1397 1847 ægypto

502 1866 627 1908 usque
643 1853 701 1893 ad
714 1851 901 1908 templum
914 1861 992 1907 per
1011 1845 1396 1894 Nebucadnezarem

502 1913 697 1958 deletum,
727 1923 856 1954 annos
872 1908 990 1954 iviſſe
1007 1915 1248 1965 nongentos,
1276 1908 1398 1951 circi-

501 1982 585 2022 ter,
617 1980 707 2026 903.
736 1968 928 2019 nondum
943 1968 1060 2014 mille
1077 1970 1199 2012 annis
1208 1965 1395 2024 comple-
