1616 2354
594 497 662 542 Que
677 496 738 540 coſa
754 496 883 536 hiziéron
898 496 1017 546 deſpues
1037 501 1143 546 deſto?
1170 500 1274 552 Quid
1291 501 1461 544 fecerunt

541 550 624 600 poſt
639 553 744 591 hæc?

586 595 635 627 En
645 591 854 639 conſideracion
863 595 956 638 deſto,
979 597 1102 647 Hujus
1113 599 1164 636 rei
1174 598 1326 639 intuitu.

593 649 681 685 Ultra
689 648 784 694 deſto,
809 650 918 690 Ultra
928 652 1023 696 hoc,
1035 652 1205 693 ulterius.

585 698 723 734 Aviéndo
731 698 812 735 dicho
822 700 899 742 eſto,
924 701 1011 740 Hoc
1021 703 1135 742 dicto.

589 741 707 785 Porque
714 754 745 776 os
757 743 940 779 maravilláis
947 742 984 780 de
992 744 1070 792 eſto?
1081 746 1221 794 (deſto?)
1246 746 1376 797 Quare
1390 747 1457 787 mi-

539 795 670 835 ramini
682 798 752 836 hac
763 798 880 838 dere?

589 842 639 881 Ay
654 841 760 879 triſte?
771 851 788 884 y
801 841 916 886 quando
929 846 1005 888 veré
1005 846 1035 889 yo
1044 843 1122 885 eſto?
1146 844 1185 883 O
1195 856 1256 885 me
1264 845 1457 892 miſerum,

538 892 575 929 &
585 892 735 940 quando
746 894 882 933 videbo
893 906 965 943 ego
977 898 1094 938 iſtud?

589 941 618 968 O
627 940 870 971 malaventurado
877 941 914 970 de
924 943 980 977 mi;
990 949 1024 971 en
1032 938 1086 980 eſto
1094 939 1182 976 avian
1190 942 1224 975 de
1231 941 1323 987 parár
1331 943 1382 979 mis
1390 953 1456 980 tra-

537 986 651 1033 bajos!
677 990 713 1027 O
731 1002 790 1028 me
805 990 1010 1036 infelicem,
1027 993 1065 1030 in
1081 990 1157 1032 hoc
1174 997 1339 1043 (miſeriæ
1356 998 1454 1045 pela-

535 1036 623 1082 gus)
635 1037 826 1076 terminari
835 1039 1024 1081 debebant
1032 1040 1179 1083 labores
1188 1044 1283 1083 mei!

585 1086 653 1132 Eſſo
667 1100 699 1122 es
714 1085 829 1129 bueno,
844 1100 907 1125 mas
920 1090 995 1135 eſto,
1012 1089 1150 1140 (eſtotro,
1160 1091 1278 1140 eſſotro)
1292 1106 1325 1131 es
1338 1096 1452 1143 mejor,

533 1137 622 1176 Hoc
631 1131 777 1185 quidem
788 1139 926 1180 bonum
938 1142 997 1182 ſed
1006 1144 1096 1184 illud
1109 1144 1241 1186 melius
1241 1146 1316 1187 eſt.

585 1183 628 1224 Yo
628 1183 708 1225 hizé
708 1184 764 1226 eſto
771 1196 788 1230 y
797 1185 930 1225 tambien
938 1187 1063 1230 eſtotro,
1088 1187 1172 1228 Feci
1183 1182 1396 1243 utrumque.

584 1233 640 1278 V.
632 1234 675 1283 m.
692 1245 727 1268 no
738 1237 763 1268 lo
771 1234 854 1281 aurá
854 1235 904 1283 por
916 1234 993 1279 eſto,
1020 1247 1056 1283 ni
1056 1247 1108 1285 por
1115 1240 1248 1288 eſsótro,
1273 1241 1450 1282 Domina-

529 1278 585 1325 tio
603 1295 668 1325 tua
684 1299 763 1326 non
781 1283 935 1336 habebit
946 1291 1038 1333 illud
1056 1303 1124 1341 pro
1139 1294 1231 1347 hoc,
1240 1305 1364 1344 neque
1378 1307 1448 1345 pro

529 1344 596 1383 illo
604 1343 776 1392 (pretio.)

579 1382 709 1422 Manda
718 1399 759 1426 un
773 1384 877 1427 bocádo
884 1381 961 1426 deſto
969 1378 989 1430 ò
989 1378 1143 1433 deſſotro?
1167 1378 1269 1430 Petit
1286 1390 1335 1433 ne
1346 1364 1448 1426 buc-

522 1428 655 1472 cellam
666 1434 712 1469 de
722 1432 796 1470 hoc
806 1434 869 1472 vel
878 1437 924 1474 de
933 1436 1021 1475 illo?
1039 1436 1254 1487 (ferculo?)

559 1479 646 1511 Plura
658 1478 720 1510 Vid.
732 1479 798 1509 infra
811 1480 965 1521 inSyntaxi
983 1483 1065 1512 Pron.
1072 1482 1446 1521 Demonſtr.relativorum.
