1674 2344
239 338 348 378 Wenn
364 339 410 373 die
421 333 550 375 Bruͤche
563 331 717 380 ungleiche
731 332 864 370 Nenner
880 328 991 378 haben,
1009 328 1037 372 ſo
1052 326 1131 374 ſehet

191 392 241 427 zu,
254 382 379 424 welches
392 386 444 419 der
462 380 571 429 groͤßte
588 379 645 424 ſey,
664 383 728 417 und
744 379 783 417 ob
805 380 850 416 die
865 376 994 424 uͤbrigen
1013 374 1131 412 kleinen

192 431 326 470 Nenner
346 428 451 468 darein
477 429 554 475 ohne
580 428 660 472 Reſt
679 425 821 473 getheilet
846 414 968 462 werden
996 421 1130 460 koͤnnen.

193 484 297 530 Gehet
303 492 338 521 es
345 493 400 524 an,
409 479 439 525 ſo
447 482 595 519 dividiret
607 482 666 519 mit
680 477 870 524 denenſelben
878 479 912 512 in
928 480 984 513 den
995 474 1131 521 groͤßten

193 534 342 578 Nenner;
365 539 435 568 was
450 527 568 580 koͤmmt,
583 526 786 579 multipliciret
795 529 852 565 mit
860 531 927 565 dem
941 522 1060 572 Zehler,
1077 527 1132 561 und

194 585 271 631 ſetzet
286 584 413 633 daſſelbe
422 584 544 631 hintern
554 582 686 628 Strich,
705 585 747 618 da
755 581 804 629 ihr
817 579 932 626 ſodann
946 577 1130 624 procediret

193 642 249 680 wie
262 637 386 684 vorhin,
400 635 473 674 als:

204 683 307 723 Ein
337 679 546 729 Kauffmann
561 678 713 718 bekoͤmmt
729 692 754 724 5.
771 678 887 727 Vaͤſſer
902 675 1037 720 Waare,
1055 673 1128 718 dieſe

191 731 289 780 haben
311 739 456 779 gewogen
473 732 531 768 wie
542 728 650 776 folget,
669 730 727 766 wie
735 727 794 766 viel
808 726 885 774 muß
900 737 932 764 er
945 729 1013 764 dem
1028 722 1133 772 Fuhr⸗

193 797 310 843 manne
323 786 437 835 Fracht
462 784 625 834 bezahlen?

192 1205 262 1247 Fac.
272 1215 319 1249 24
329 1202 387 1244 Ct.
433 1204 496 1250 89⅓

636 1198 813 1239 Summe.
910 1198 1138 1246 40Zwoͤlfftel.

237 1260 337 1298 Item:
366 1247 498 1299 Addiret
508 1245 648 1306 hiernach
661 1250 854 1298 verzeichnete
863 1248 995 1300 Poſten,
1011 1241 1049 1292 wie
1074 1247 1137 1285 viel

193 1306 318 1355 betraͤgt
334 1309 422 1345 deren
435 1296 741 1354 Haupt⸗Summe?
