2170 2655
410 321 537 374 Vaͤter
556 327 624 369 und
644 325 776 382 Herrn,
787 318 864 384 erſt
883 325 938 383 fuͤr
942 324 1023 390 ihre
1035 327 1185 377 Kinder
1193 325 1257 381 und
1275 332 1446 388 Geſinde,
1478 335 1545 378 und
1565 329 1702 395 wiſſen,
1741 337 1829 392 daß
1846 340 1907 384 der
1927 341 2019 386 liebe

404 420 508 467 Gott
518 418 562 477 ſie
572 421 661 466 eben
668 420 703 476 ſo
714 420 832 474 wenig
854 417 1061 484 unverſorgt
1078 411 1165 480 ſeyn
1170 417 1277 483 laſſen
1291 412 1407 486 ſollte.
1434 412 1579 499 Bittet,
1587 414 1621 493 ſo
1644 415 1737 475 wird
1753 420 1836 486 euch
1845 435 2018 488 gegeben;

403 517 568 570 Suchet,
586 517 621 568 ſo
631 504 766 568 werdet
786 493 846 583 ihr
861 507 982 572 finden
1012 498 1167 591 Matth.
1174 510 1289 583 7,7.

471 630 509 675 c)
525 623 612 672 Die
627 622 847 681 Hungrigen
866 630 1012 674 werden
1027 628 1112 683 ſatt.
1139 624 1174 678 v.
1191 638 1257 675 12.
1277 631 1354 689 Da
1371 631 1416 688 ſie
1432 635 1518 690 aber
1544 634 1614 691 ſatt
1631 633 1771 683 waren.
1804 638 1903 686 Das
1921 641 2014 688 wird

396 718 451 767 im
462 716 676 780 Evangelio
687 726 763 773 von
776 720 872 771 allen
887 702 1031 780 geſagt,
1053 739 1181 773 welche
1190 713 1263 788 ſich
1276 725 1443 779 hungrig
1464 732 1528 777 zur
1553 729 1671 780 Erden
1681 724 1846 786 gelagert
1862 717 2013 793 hatten.

395 824 471 877 Da
488 831 550 867 der
566 824 656 865 liebe
662 820 785 870 Gott
781 832 852 872 den
864 830 1062 876 Menſchen
1081 811 1118 876 ſo
1128 818 1344 880 geſchaffen,
1371 835 1437 874 daß
1467 844 1508 884 er
1522 828 1609 881 von
1613 841 1726 891 Zeit
1726 830 1775 894 zu
1793 824 1877 892 Zeit
1895 843 2012 893 hung⸗

393 928 447 981 rig
463 926 576 984 wird,
604 927 639 984 ſo
655 931 840 978 errinnert
863 932 926 989 ihn
942 932 1074 990 ſolches
1091 944 1134 991 zu
1149 938 1250 984 einer
1275 935 1427 993 fleiſigen
1468 942 1599 989 Arbeit
1622 945 1660 989 in
1677 940 1814 1000 ſeinem
1831 943 2009 1012 Beruffe,

387 1022 465 1079 daß
485 1031 525 1070 er
538 1029 611 1074 den
621 1018 791 1080 Zugang
803 1029 853 1080 an
869 1033 1075 1083 Kraͤften,
1095 1047 1168 1077 von
1182 1028 1257 1081 der
1257 1023 1430 1085 Speiſe,
1483 1023 1532 1077 in
1567 1032 1827 1087 Handlungen
1841 1037 2007 1081 erweiſen

390 1119 469 1171 ſoll,
502 1122 563 1163 die
576 1126 639 1173 zur
664 1100 759 1175 Ehre
775 1120 922 1184 Gottes
940 1122 1014 1181 und
1038 1113 1176 1183 Nuzen
1191 1117 1261 1187 des
1284 1127 1468 1191 Naͤchſten
1493 1112 1657 1185 abzielen,
1679 1112 1743 1180 und
1762 1119 1836 1190 ſich
1848 1112 2006 1193 zugleich

388 1199 518 1277 ehrlich
538 1203 649 1275 durch
663 1204 728 1282 die
739 1209 851 1270 Welt
866 1213 1023 1285 bringe.
1098 1221 1225 1288 Denn
1238 1216 1310 1295 wer
1329 1222 1432 1296 nicht
1435 1217 1626 1285 arbeitet,
1647 1218 1717 1299 ſoll
1738 1232 1819 1300 auch
1835 1234 1934 1301 nicht
1962 1231 2007 1294 eſ⸗

383 1327 453 1374 ſen.
512 1325 650 1382 Haben
664 1323 736 1374 wir
753 1323 839 1382 aber
857 1325 1048 1386 Nahrung
1066 1330 1143 1375 und
1158 1312 1326 1395 Kleider,
1357 1329 1393 1389 ſo
1411 1329 1477 1401 laſt
1490 1334 1568 1380 uns
1581 1332 1785 1406 begnuͤgen
1805 1345 1843 1382 I.
1845 1334 1946 1384 Tim.
1957 1339 2006 1391 6,

390 1422 434 1461 8.
498 1422 583 1472 Wir
601 1396 711 1473 ſehen
730 1425 877 1483 Gottes
892 1430 1089 1485 Vorſorge
1101 1436 1265 1500 uͤberall,
1299 1413 1384 1481 nach
1393 1440 1569 1498 welcher
1583 1440 1625 1484 er
1640 1427 1704 1485 bey
1715 1437 1786 1493 des
1810 1438 2006 1498 Menſchen

384 1533 536 1575 Arbeit,
565 1534 640 1567 aus
653 1530 716 1565 der
727 1518 840 1565 Erde,
866 1521 1010 1574 allerley
1030 1524 1162 1586 Speiſe
1178 1521 1464 1584 herfuͤrwachſen
1474 1521 1563 1572 laͤſt,
1591 1537 1670 1573 und
1687 1547 1864 1588 erkennen
1880 1541 2006 1599 dabey

378 1631 433 1678 die
437 1636 663 1680 allgemeine
680 1640 797 1683 Liebe,
828 1625 959 1674 welche
976 1627 1086 1673 unter
1094 1632 1164 1687 den
1189 1603 1400 1684 Menſchen
1420 1626 1492 1680 auf
1510 1611 1592 1671 dem
1611 1631 1814 1690 Erdboden
1848 1633 1998 1687 fuͤrwal⸗

378 1733 441 1778 ten
463 1726 549 1784 ſoll,
570 1733 684 1784 wenn
699 1734 756 1779 ein
762 1726 970 1790 Reiſender
989 1739 1028 1783 in
1052 1727 1125 1783 der
1139 1736 1300 1794 Fremde
1316 1739 1383 1797 bey
1401 1736 1659 1799 freundlichen
1672 1739 1837 1800 Leuthen
1864 1745 1996 1793 Unter⸗

379 1831 456 1888 halt
473 1828 540 1876 des
571 1828 708 1874 Lebens
726 1829 927 1889 gebraucht
959 1839 1036 1880 und
1051 1832 1175 1888 findet,
1207 1844 1248 1889 zu
1280 1837 1395 1892 deſſen
1427 1837 1621 1894 Erzielung
1645 1839 1735 1894 ſeine
1753 1829 1871 1899 Hand
1903 1843 1992 1900 doch

377 1933 497 1985 nichts
520 1932 764 1985 beygetragen
788 1926 866 1979 hat.
921 1931 993 1979 So
1010 1917 1156 1990 ſchreibt
1171 1937 1255 1975 Tac.
1279 1938 1323 1975 de
1348 1941 1448 1978 Mor.
1467 1939 1593 1975 Germ.
1643 1948 1719 1986 von
1742 1941 1874 2004 unſern
1890 1938 1993 1988 Vor⸗

379 2018 530 2086 fahren:
576 2028 706 2090 Einen
715 2008 930 2092 Menſchen,
960 2037 1037 2077 wer
1053 2031 1089 2075 er
1105 2031 1192 2083 auch
1210 2030 1277 2088 ſey,
1306 2034 1399 2090 nicht
1414 2035 1476 2088 ins
1492 2035 1607 2091 Hauß
1623 2048 1666 2092 zu
1692 2037 1819 2090 laſſen,
1824 2040 1887 2100 das
1905 2044 1987 2092 wird

377 2141 443 2204 fuͤr
460 2143 519 2194 die
534 2139 648 2201 groͤſte
661 2143 897 2201 Unbilligkeit
912 2146 1096 2203 gehalten.
1154 2151 1236 2199 Ein
1252 2152 1347 2207 jeder
1365 2154 1497 2201 nimmt
1514 2156 1580 2213 ihn
1596 2156 1633 2209 ſo
1654 2158 1718 2208 gut
1742 2155 1825 2215 auf,
1854 2165 1916 2208 als
1943 2161 1987 2200 es
