1357 1974
321 368 354 396 TO
377 365 748 387 CONSTANTINOPLE.

769 361 849 403 401

220 430 319 462 Indian
356 424 530 464 poſſeſſions,
561 430 596 449 no
630 414 841 451 inconſiderable

224 474 325 506 branch
343 473 372 502 of
389 477 533 499 commerce
559 475 588 492 as
608 472 666 502 you
683 470 746 499 may
766 460 847 499 eaſily

225 523 347 556 believe,
361 516 441 546 when
453 516 467 542 I
481 513 529 541 tell
542 520 600 548 you
616 509 675 538 that
691 516 772 544 every
786 504 847 544 fifty

226 571 311 604 yards
328 572 402 604 upon
427 572 443 589 a
466 559 561 599 public
582 557 670 593 road,
695 553 780 584 under
803 553 849 583 the

228 621 311 650 ſhade
327 619 358 646 of
370 627 386 645 a
402 622 456 644 tree
471 621 501 640 or
515 620 532 637 a
545 615 603 638 tent,
639 607 721 637 coffee
735 608 759 635 is
774 603 850 640 ſold,

228 666 284 695 and
304 672 331 692 at
345 662 411 692 moſt
426 661 457 689 of
472 656 542 686 theſe
558 653 650 693 places
668 652 713 681 the
730 649 852 681 Turkiſh

232 712 360 740 traveller
385 718 415 735 or
441 704 531 734 viſitor
554 701 625 739 ſtops
650 699 704 726 and
730 698 808 724 takes
835 706 851 721 a

231 758 346 795 cup—it
362 756 387 782 is
403 759 463 782 true
478 748 549 779 theſe
566 756 633 785 cups
649 753 694 772 are
712 749 760 771 not
774 743 856 772 much

234 809 325 845 bigger
354 803 420 832 than
449 809 499 838 egg
528 796 683 837 cups—but
714 792 854 824 four-and-

235 861 339 896 twenty
357 853 387 881 in
409 861 426 880 a
447 850 503 892 day
517 856 547 877 to
561 845 627 876 each
644 843 740 884 perſon
757 842 857 872 travel-

237 910 312 948 ling,
330 905 451 947 viſiting,
469 913 502 932 or
515 900 618 941 ſtaying
633 903 662 926 at
678 896 774 932 home,
794 893 860 923 muſt

239 955 363 986 conſume
377 962 413 982 an
428 947 554 980 immenſe
568 943 719 985 quantity.
731 951 745 981 —
757 950 782 980 —

277 1009 333 1039 Mr.
347 1007 382 1036 de
396 1002 534 1033 Bukalow
549 997 598 1027 has
614 996 695 1035 given
709 1002 751 1022 me
768 1001 783 1020 a
797 997 864 1028 very

241 1056 296 1084 fine
317 1053 377 1083 ball
398 1058 427 1079 at
446 1048 489 1079 his
512 1045 594 1077 houſe
618 1052 646 1073 at
667 1040 869 1081 Buyekdere—

244 1099 301 1128 and
322 1101 337 1125 I
357 1096 440 1125 aſſure
462 1102 521 1130 you
548 1091 592 1119 his
617 1087 717 1124 garden
743 1087 767 1112 is
791 1083 866 1119 large

244 1145 352 1185 enough
377 1151 407 1173 to
431 1142 466 1171 be
490 1152 508 1169 a
530 1139 609 1167 ſmall
633 1135 739 1175 park—
746 1133 828 1172 There
851 1133 868 1159 I

245 1193 300 1222 ſaw
315 1201 331 1221 a
346 1196 400 1220 tree
412 1186 458 1218 the
472 1187 564 1216 leaves
577 1184 609 1211 of
618 1180 707 1211 which
719 1187 765 1207 are
779 1177 810 1205 of
823 1176 869 1206 the

247 1244 319 1273 ſame
341 1239 426 1280 ſhape
446 1235 500 1267 and
520 1232 626 1275 quality
646 1229 714 1261 with
732 1229 778 1259 the
797 1225 872 1258 ſenſi-

249 1294 305 1322 tive
321 1286 501 1330 plant—they
518 1283 611 1316 ſhrink
630 1282 685 1313 and
705 1280 775 1311 cloſe
794 1278 873 1308 when

251 1341 378 1375 touched.
378 1346 416 1371 —
416 1338 452 1369 —
456 1334 510 1378 Mr.
525 1333 668 1368 d'Herbert
682 1331 732 1360 has
751 1339 767 1356 a
785 1331 876 1365 pretty

253 1388 337 1422 houſe
360 1387 415 1416 and
438 1382 540 1425 garden
562 1389 590 1412 at
614 1378 778 1419 Buyekdere
804 1375 873 1404 like-

256 1432 327 1466 wiſe.
333 1449 363 1469 —
368 1445 403 1470 —

684 1476 782 1519 Ll3
