1441 2313
178 331 249 379 Po.
287 333 447 376 Daraus
466 335 554 372 wird
568 334 680 380 nichts
692 335 841 373 werden.

180 381 262 424 Bak.
273 384 364 425 Und
377 384 425 432 ich
438 385 548 423 werde
563 384 647 431 mich
661 384 783 431 ſodann
799 383 1026 431 umbringen;
1053 389 1115 422 lie⸗

285 441 344 479 ber
357 441 426 481 will
443 440 490 488 ich
506 440 648 492 ſterben,
663 443 719 478 als
732 439 853 487 laͤnger
869 442 900 486 ſo
915 442 989 488 fort
1002 442 1114 481 leben.

285 494 382 538 Aber
408 500 496 536 dann
524 496 660 544 fordere
689 496 737 544 ich
762 496 869 543 auch,
910 496 976 543 daß
1001 501 1111 536 meine

286 552 466 598 grauſame
479 553 613 596 Gattin
627 553 680 593 bei
693 556 767 592 dem
777 551 968 601 Schmerze
981 555 1112 593 meines

283 612 398 655 Todes
414 617 477 653 mit
495 617 561 653 mir
576 613 831 664 hinwegſterbe.

338 669 486 712 Meiner
499 670 635 717 ſchoͤnen
663 670 915 710 Undankbaren

339 719 815 770 Werde
487 720 535 773 ich
552 720 691 770 klagend
691 720 814 770 ſagen,
837 723 891 769 ihr
902 723 1026 770 ſagen:

337 778 426 820 Vor
437 775 611 818 Kummer
624 777 730 825 ſterbe
754 779 816 826 ich,
832 777 1032 824 Grauſame

337 819 531 872 Sterbend
544 829 616 868 will
631 831 703 876 ichs
723 832 866 874 endigen

336 878 403 916 Da
417 879 462 914 du
475 877 528 914 die
544 875 688 920 Bande,
702 876 755 912 die
772 874 905 920 Feßeln
928 873 1115 927 zerbrichſt.

169 939 244 990 Po.
337 929 416 981 Und
438 942 486 990 ſie
508 943 597 981 wird
619 940 702 989 nach
718 939 814 991 ihrer
829 938 912 988 Art,
937 945 995 980 als
1012 940 1111 988 Frau

784 987 997 1029 antworten.

168 1055 268 1101 Bak.
324 1053 439 1103 Nein,
452 1057 545 1100 nein,
559 1056 625 1097 das
638 1055 745 1103 glaub
756 1055 805 1103 ich
821 1055 920 1106 ſicher
938 1055 1055 1105 nicht;

329 1106 444 1151 Dann
458 1111 529 1151 will
543 1110 592 1159 ich
609 1114 675 1150 mit
693 1110 877 1160 erzuͤrnter
896 1108 1042 1162 Fauſt

333 1168 421 1212 Den
435 1170 585 1222 ſcharfen
597 1169 719 1220 Stahl
739 1170 931 1218 ergreifen,

332 1216 414 1270 Jhr
428 1222 541 1273 ſagen:
553 1213 612 1281 ich
624 1220 818 1276 durchſtoſſe
836 1223 921 1273 dich,
952 1225 1021 1262 und
1045 1224 1115 1273 hie⸗

791 1284 881 1318 raus
902 1283 1002 1316 lerne

331 1326 420 1382 Die
433 1323 617 1382 begangene
644 1324 859 1383 Vergehungen
899 1332 1104 1377 verbeſſern.

167 1387 242 1434 Po.
321 1388 400 1430 Sie
412 1386 534 1430 wuͤrde
547 1390 601 1428 ein
624 1388 773 1436 gleiches
785 1397 996 1428 antworten.

167 1437 264 1486 Bak.
320 1440 399 1480 Und
425 1444 516 1480 dann
537 1439 656 1481 wuͤrde
679 1442 728 1487 ich
740 1443 818 1489 doch
834 1442 932 1481 Nein
947 1441 1059 1487 ſagen.

330 1494 457 1543 Wann
478 1497 521 1548 ſie
542 1488 617 1533 nun
641 1501 716 1535 dem
739 1494 911 1542 Streiche
925 1498 1103 1540 ausgewi⸗

787 1541 868 1593 chen
878 1546 990 1590 waͤre,

331 1605 465 1647 Werde
479 1604 529 1654 ich
539 1604 596 1654 ihr
617 1601 739 1651 ſagen:
762 1601 831 1647 Du
849 1604 992 1654 ſiegteſt,
1024 1606 1107 1647 aber

835 1667 884 1711 ich
898 1665 990 1710 falle.

328 1714 395 1758 Da
407 1714 455 1764 ich
470 1724 541 1758 nun
558 1718 615 1758 ins
626 1712 734 1767 Reich
757 1719 817 1756 der
845 1715 979 1756 Todten
1004 1717 1107 1759 uͤber⸗

878 1771 991 1810 walle.

329 1827 398 1872 So
410 1825 544 1877 behalte
557 1832 602 1870 du
619 1828 704 1876 mich
718 1832 765 1869 im
777 1829 881 1878 ſuͤßen
894 1829 1096 1874 Mitleiden

172 1881 241 1932 Po.
329 1882 483 1936 Machen
495 1885 537 1934 ſie
549 1890 636 1926 was
651 1883 787 1935 wollen,
813 1889 901 1926 wird
922 1890 998 1935 ihre
1017 1885 1110 1927 Ant⸗

802 1945 895 1980 wort
908 1935 996 1986 ſeyn.
