2091 2615
205 454 334 513 Meg.
348 454 424 499 Ein
446 454 684 509 unverſehner
709 453 929 506 Schmerz

346 511 525 565 Benahm
553 516 615 557 der
637 514 794 559 Sinnen
822 503 968 564 Macht.

969 571 1060 623 (Jm
1084 569 1270 621 Fortgehen
1291 575 1351 614 wie
1369 571 1482 622 oben.)

201 629 300 679 Lyc.
344 630 429 669 Und
459 635 509 671 du
536 607 708 682 verlaͤſſeſt
742 622 862 677 mich?

201 728 330 782 Meg.
339 725 428 782 Jch
450 730 516 780 geh
541 746 557 764 ⸗
578 742 634 774 ⸗⸗

956 771 1026 817 (Er
1045 774 1166 809 kommt
1193 773 1342 819 wieder.)

342 836 422 889 Ach
443 820 524 887 ſorg
549 840 625 877 vor
635 835 742 879 deine
767 834 938 880 Braut.
969 833 1077 880 Was
1094 835 1189 877 wird
1207 833 1251 886 ſie
1270 843 1344 875 von
1367 836 1437 876 mir
1459 834 1581 888 ſagen,

1254 892 1338 939 (Jm
1349 887 1582 943 Fortgehen.)

342 957 416 1003 So
441 955 524 999 bald
557 952 602 1006 ſie
634 960 676 1006 zu
702 952 767 1006 ſich
798 954 964 999 kommt?
1002 952 1079 1005 Jch
1101 951 1182 1007 fuͤhl
1208 957 1279 998 das
1304 951 1417 1005 ganze
1447 954 1542 1007 Joch

1306 1009 1375 1055 Er
1397 1009 1581 1062 verbleibt.)

339 1075 438 1125 Von
459 1073 557 1127 ihrer
581 1073 747 1128 Herzens
767 1069 900 1125 Angſt.
944 1069 1035 1127 Ach,
1063 1071 1236 1127 Lycidas,
1264 1068 1330 1125 hoͤr
1359 1072 1459 1125 doch.

426 1182 561 1243 Fragt
591 1182 641 1239 ſie
669 1183 777 1239 dich,
805 1182 857 1231 ob
887 1192 991 1229 man
1021 1183 1128 1239 nicht
1155 1180 1298 1235 wuͤßte

484 1268 580 1312 Wo
610 1264 710 1311 dein
727 1265 891 1319 Freund
915 1257 1148 1315 verweilen
1175 1264 1348 1316 muͤßte?

481 1341 654 1398 Kannſt
684 1344 743 1388 du
775 1340 841 1395 ihr
869 1333 956 1399 zur
962 1342 1166 1389 Antwort
1187 1337 1392 1396 geben,

477 1418 584 1471 Daß
611 1417 720 1470 dein
738 1418 908 1476 Freund
940 1417 1154 1473 geſtorben
1194 1419 1275 1473 ſey.

425 1520 548 1579 Doch
578 1519 658 1571 wie
692 1519 803 1574 wohl
835 1521 931 1568 dem
964 1523 1106 1575 zarten
1147 1519 1313 1575 Herzen

480 1596 655 1651 Machte
682 1595 772 1646 dieß
802 1604 848 1652 zu
858 1596 1003 1652 groſſe
1031 1596 1309 1651 Schmerzen.

478 1648 630 1720 Bring
657 1663 721 1719 ihr
748 1674 833 1710 nur
860 1666 934 1710 des
963 1664 1179 1720 Freundes
1208 1665 1398 1723 Abſchied

484 1748 586 1791 Und
618 1721 817 1801 deſſelben
852 1738 1056 1793 Thraͤnen
1088 1738 1268 1793 bey.

388 1844 547 1897 Sein
570 1843 765 1902 geliebtes
795 1842 921 1901 voͤllig
949 1842 1109 1901 miſſen,

477 1931 586 1987 Sich
613 1931 692 1986 auf
713 1930 810 1987 ſtets
840 1935 1057 1986 getrennet
1089 1929 1244 1989 wiſſen,

480 2012 580 2064 Und
613 2012 692 2067 auf
717 2012 818 2066 dieſe
844 2014 926 2060 Art
947 2009 1177 2067 entbehren

481 2089 634 2149 Macht
661 2090 740 2139 das
773 2084 973 2140 Sterben
1004 2085 1149 2147 taͤglich
1184 2098 1277 2136 neu.

1192 2154 1326 2204 (Gehet
1353 2156 1428 2204 ab.)
