2571 3051
860 528 953 570 nehmt
966 525 1065 568 Kuͤhn,
1076 527 1152 569 ſteckt
1168 527 1214 568 ihn
1232 529 1260 561 in
1274 523 1446 568 Peltzwerck,
1460 522 1514 568 daß
1522 525 1552 562 es

863 578 905 607 die
913 575 1028 610 Motten
1037 577 1091 607 und
1102 573 1235 611 Schaben
1246 571 1317 607 nicht
1330 571 1473 607 zerfreſſen.

819 614 918 656 Pigna.
922 617 965 651 die
973 614 1077 657 Frucht
1084 622 1139 649 von
1150 614 1245 655 dieſem
1255 612 1379 649 Baume.

821 658 951 700 Pignèto,
961 657 1070 702 pinèto.
1078 661 1120 693 ein
1130 658 1356 702 Fichten⸗Wald.

820 695 1067 739 Pignòlo-nuolo.
1076 697 1232 739 pinòttolo.
1253 697 1295 730 ein
1302 693 1553 739 Fichten⸗Nuͤßlein

865 750 931 781 oder
938 744 1034 783 Korn,
1042 743 1235 787 Tannzapffen.

819 780 1023 826 Pignocchiàta,
1023 782 1216 825 pinocchiàta,
1216 777 1392 823 pignoccàta.
1401 781 1491 813 Subſt.
1501 781 1555 814 ein⸗

865 832 1000 874 gemachte
1014 830 1332 876 Tann⸗Zapffen⸗Kerne.

821 867 953 908 Pignàtta.
965 869 1006 900 ein
1015 867 1104 910 Topff.
1121 877 1143 896 v.
1145 870 1268 907 pentola.
1279 870 1399 907 qualche
1407 870 1469 896 coſa
1477 870 1556 896 bolle

864 916 895 945 in
911 914 1046 956 pignatta.
1060 918 1090 949 es
1104 913 1133 956 iſt
1147 916 1234 949 etwas
1249 914 1377 955 dahinter
1392 910 1555 949 verborgen.

863 955 881 983 à
890 958 1033 994 pignatta,
1061 956 1115 983 che
1128 954 1219 988 bolle,
1248 963 1306 983 non
1321 954 1341 981 s'
1354 951 1522 982 avvicinano
1529 948 1559 980 le

862 999 984 1031 moſche.
1002 999 1077 1034 einen
1095 998 1233 1041 ſiedenden
1252 996 1349 1039 Topffe
1372 997 1495 1030 kommen
1516 995 1559 1028 die

860 1045 973 1088 Fliegen
988 1044 1060 1087 nicht
1078 1054 1108 1088 zu
1116 1043 1193 1085 nahe.
1210 1046 1229 1074 i.
1247 1055 1269 1075 e.
1285 1043 1350 1085 beiſt
1365 1042 1426 1085 dich
1438 1043 1515 1078 einer
1532 1041 1557 1084 ſo

860 1092 952 1126 wehre
965 1090 1037 1126 dich.
1046 1101 1074 1123 v.
1081 1089 1249 1130 coperchio.

820 1127 1008 1165 Pignattèlla-
1008 1127 1092 1163 ttina.
1101 1126 1178 1155 Dim.
1188 1126 1230 1158 ein
1240 1126 1382 1166 Toͤpflein.

820 1178 998 1211 Pignattòne.
1009 1177 1052 1210 ein
1067 1175 1167 1211 groſſer
1180 1172 1276 1211 Topff.

818 1214 1015 1253 Pignattàccia.
1024 1212 1111 1248 alter,
1127 1206 1350 1253 unbrauchbarer
1360 1211 1453 1251 Topff.

821 1260 981 1292 Pignattàjo
981 1260 1004 1292 -
1004 1261 1080 1292 taro.
1090 1262 1133 1292 ein
1146 1256 1269 1292 Toͤpffer.
1279 1267 1309 1289 v.
1318 1258 1478 1292 pentolaio.

821 1299 988 1340 Pignoràre.
1008 1296 1103 1341 Pfand
1117 1296 1203 1341 ſetzen.
1222 1307 1250 1328 v.
1270 1294 1459 1339 Impegnare,
1468 1294 1496 1338 ſo
1509 1292 1560 1337 beſ⸗

865 1357 913 1390 ſer.

821 1390 963 1429 Pigolàre,
979 1392 1032 1422 &c.
1040 1400 1065 1424 v.
1085 1387 1203 1431 pipàre,
1212 1391 1265 1421 &c.
1272 1390 1363 1430 pipen.

821 1435 919 1472 Pìgro.
929 1433 991 1471 Adj.
1002 1434 1034 1463 &
1047 1432 1136 1462 Subſt.
1150 1429 1227 1471 faul,
1236 1426 1375 1470 langſam,
1382 1429 1463 1468 traͤg,
1471 1429 1559 1469 ſaum⸗

866 1479 939 1520 ſelig.
963 1479 1010 1509 chi
1025 1477 1040 1507 è
1056 1478 1145 1519 pigro
1156 1475 1204 1508 nel
1220 1476 1383 1514 mangiare,
1396 1474 1413 1505 è
1430 1475 1516 1516 pigro
1529 1477 1559 1505 in

867 1521 930 1569 ogni
945 1517 1022 1562 coſa.
1038 1524 1090 1558 wie
1098 1525 1136 1556 du
1149 1521 1220 1564 friſt,
1231 1522 1258 1564 ſo
1277 1519 1419 1563 arbeiteſt
1410 1515 1454 1557 du.
1477 1518 1562 1560 pigra

868 1571 955 1592 mano
968 1571 1028 1594 non
1040 1560 1132 1602 piglia
1142 1559 1265 1594 moſche.
1287 1561 1309 1590 i.
1329 1570 1353 1593 e.
1375 1561 1433 1593 eine
1452 1557 1565 1600 hurtige

868 1606 954 1650 Hand
971 1605 1021 1643 kan
1038 1606 1090 1642 viel
1107 1607 1260 1641 verdienen.
1282 1604 1305 1636 il
1327 1604 1408 1647 paeſe
1426 1602 1518 1643 graſſo
1533 1604 1563 1635 fà

866 1652 906 1692 gl'
917 1651 1054 1685 huomini
1062 1651 1149 1695 pigri.
1157 1650 1294 1695 wohlfeile
1299 1647 1376 1694 Zeit,
1384 1648 1476 1692 macht
1488 1647 1562 1691 faule

868 1708 945 1734 Leut.

824 1738 1017 1778 Pigramènte.
1037 1736 1107 1770 Adv.
1127 1734 1229 1777 fauler,
1245 1731 1339 1777 traͤger
1355 1734 1467 1776 Weiſe,
1486 1734 1564 1773 lang⸗

870 1792 937 1821 ſam.

826 1822 944 1870 Pigrìtia
944 1822 970 1869 -
970 1822 1073 1868 grizia.
1096 1821 1242 1864 pigrezza.
1260 1821 1509 1863 Faul ⸗Traͤgheit.
1539 1821 1562 1851 il

866 1880 971 1912 campo
985 1867 1059 1900 della
1066 1869 1188 1912 pigrizia
1206 1865 1216 1897 è
1223 1866 1310 1911 pieno
1328 1867 1358 1899 d'
1370 1868 1493 1901 ortiche.
1510 1866 1562 1900 i.e.

872 1916 921 1957 bey
936 1914 1044 1956 Faulen
1058 1914 1092 1955 iſt
1101 1913 1189 1955 nichts
1204 1915 1248 1949 als
1263 1911 1394 1954 Armuth.
1423 1911 1448 1945 la
1465 1911 1562 1944 chiave

868 1952 904 2000 di
904 1952 1039 2000 povertà,
1054 1952 1079 1997 è
1079 1952 1207 1996 pigrizia.
1222 1951 1270 1997 id.
1276 1966 1336 1987 non
1349 1952 1410 1985 fece
1428 1952 1493 1994 mai
1493 1952 1563 1993 pro-

873 1999 968 2030 dezze
976 1996 1002 2029 la
1011 1998 1140 2041 pigrizia.
1148 1997 1189 2030 id.
1189 1997 1218 2029 il
1226 1998 1309 2038 letto,
1322 1998 1336 2028 è
1346 1996 1366 2027 la
1377 1996 1495 2038 prigion
1503 1994 1562 2027 del-

870 2043 897 2076 la
907 2044 1046 2088 pigrizia.
1061 2045 1080 2078 i.
1091 2054 1117 2079 e.
1138 2044 1181 2078 die
1200 2036 1295 2091 Faulen
1308 2041 1432 2078 arbeiten
1439 2042 1477 2078 im
1493 2040 1577 2078 Bet⸗

874 2100 959 2124 te.

831 2130 898 2167 Pìla.
906 2131 949 2165 ein
956 2127 1058 2170 Pfeiler
1070 2130 1144 2165 eines
1164 2126 1404 2172 Schwibbogens,
1419 2124 1565 2169 ſonderlich

875 2180 914 2212 im
923 2175 1040 2218 Waſſer.
1055 2177 1086 2208 it.
1095 2179 1137 2211 ein
1147 2175 1260 2220 ſteinern
1268 2172 1369 2217 Geſaͤß.
1381 2177 1413 2209 it.
1424 2176 1466 2211 ein
1475 2172 1563 2211 Moͤr⸗

872 2218 927 2260 ſel,
931 2217 1106 2260 Back⸗Trog.
1123 2216 1181 2260 pila
1190 2217 1236 2249 del
1245 2216 1401 2248 batteſimo.
1418 2217 1463 2251 der
1480 2202 1556 2259 Tauff⸗

876 2258 950 2300 ſtein.
973 2259 1028 2292 Ella
1038 2257 1142 2290 ècome
1150 2259 1175 2290 la
1185 2257 1242 2301 pila
1256 2257 1327 2289 dall'
1339 2267 1425 2299 acqua
1434 2254 1516 2287 fanta.
1532 2254 1564 2296 ſie

877 2305 909 2348 iſt
924 2305 976 2340 wie
988 2306 1036 2339 der
1052 2300 1351 2347 Weyhwaſſer⸗Stein.
1364 2302 1420 2333 i.e.
1434 2302 1478 2338 ein
1493 2300 1570 2336 ieder

878 2352 935 2386 will
946 2349 1034 2386 hinein
1051 2349 1160 2386 tuͤpffen.

833 2397 937 2431 Pilàno
948 2396 994 2429 der
1001 2391 1349 2435 Schergen⸗Hauptmann.

833 2441 935 2474 Pilàre.
950 2432 1103 2484 Kranckheit
1121 2447 1153 2474 an
1159 2441 1209 2473 den
1216 2434 1347 2478 Bruͤſten.

829 2471 1024 2523 Pilàſtro-làre.
1042 2470 1151 2529 piliere,
1162 2471 1263 2527 pilone.
1273 2488 1313 2509 m.
1321 2477 1364 2511 ein
1373 2476 1482 2521 ſtarcker
1491 2466 1591 2523 Pfei⸗

877 2533 930 2562 ler,
938 2528 1042 2569 Pfoſte.

834 2567 1001 2603 Pilaſtrèllo.
1015 2569 1093 2601 Dim.
1111 2566 1211 2602 kleiner
1220 2566 1339 2607 Pfeiler,
1346 2560 1465 2605 Stuͤtze.

834 2615 999 2655 Pilaſtròne.
1007 2626 1046 2651 m.
1055 2617 1098 2653 ein
1106 2614 1204 2658 groſſer
1211 2614 1331 2657 Pfeiler.

1589 524 1746 560 Pilaſtràre.
1755 524 1806 559 mit
1814 522 1937 561 Pfeilern
1952 521 2126 562 verwahren,
2134 518 2239 561 ſtuͤtzen.

1588 567 1768 602 Pilaſtràtato.
1776 569 1865 600 Subſt.
1882 568 1938 601 eine
1945 566 2033 601 Reihe
2047 564 2164 601 Pfeiler.

1589 613 1692 646 Pilàre.
1702 601 1796 659 beſſer,
1809 605 1921 659 peſtàre.
1933 612 1963 646 in
1977 604 2064 645 einem
2080 608 2194 652 ſteinern
2207 607 2322 653 Moͤrſel

1631 656 1731 696 ſtoſſen.

1591 696 1704 734 Pìllola,
1713 693 1849 739 pìlola-le,
1857 695 1888 726 in
1895 692 1971 737 plur.
1986 693 2087 734 Pillen.
2096 691 2196 736 pillola
2211 691 2320 725 dorata.

1630 736 1803 779 uͤberguͤldete
1811 739 1913 782 Pillen.
1927 737 1981 769 ella
1997 738 2006 768 è
2006 736 2116 781 pillola
2130 737 2237 768 dorata.
2246 735 2279 778 ſie
2289 735 2321 777 iſt

1630 784 1687 819 eine
1694 783 1848 823 verguͤldete
1857 784 1938 827 Pille.
1949 784 1970 817 i.
1980 794 2005 816 e.
2015 777 2070 818 von
2077 781 2166 825 auſſen
2174 778 2249 823 ſchoͤn
2265 782 2324 815 und

1633 821 1750 868 inwendig
1770 820 1870 860 bitter.

1590 864 1761 906 Pillàcchera
1761 870 1778 905 -
1778 869 1823 910 re.
1837 867 1876 907 pl.
1899 864 2051 903 Klunckern
2065 871 2119 900 von
2132 864 2236 904 Dreck,
2245 863 2321 906 Koth

1635 920 1670 946 an
1686 915 1737 948 den
1751 913 1887 954 Schafen.
1929 913 2000 946 item
2024 911 2174 954 Reiſenden
2198 920 2233 947 an
2248 909 2323 946 Klei⸗

1630 956 1710 986 dern.

1593 996 1808 1030 Pillaccheràrſi.
1824 994 2083 1038 impillaccheràrſi,
2091 992 2123 1036 iſt
2130 991 2217 1037 beſſer.
2225 991 2273 1037 ſich
2281 991 2327 1028 be⸗

1632 1039 1769 1076 klunckern
1781 1034 1829 1081 mit
1844 1039 1925 1081 Koth.

1592 1082 1704 1119 Pilòto,
1711 1081 1827 1123 pilòtto.
1837 1081 1877 1115 ein
1888 1079 2028 1121 erfahrner
2044 1079 2236 1116 Steurmann.

1595 1122 1788 1164 Piloteggiàre.
1799 1126 1851 1159 den
1864 1123 1969 1161 Grund
1979 1121 2088 1165 meſſen,
2102 1123 2178 1158 einen
2184 1120 2326 1164 Pilotten,

1634 1167 1815 1205 Steurmann
1822 1166 1950 1208 abgeben.

1580 1214 1708 1249 Pilòtto.
1722 1215 1763 1247 ein
1772 1210 1854 1254 Loͤffel
1863 1216 1912 1247 den
1919 1213 2031 1247 Braten
2038 1212 2089 1245 mit
2097 1218 2128 1250 zu
2146 1208 2279 1252 begieſſen.
2291 1209 2324 1240 it.

1633 1253 1683 1290 der
1687 1253 1825 1296 zerlaſſene
1835 1256 1929 1295 Speck
1942 1264 2004 1295 zum
2019 1254 2171 1294 Begieſſen.

1594 1296 1738 1330 Pilottàre.
1747 1296 1802 1330 mit
1808 1293 1972 1336 dergleichen
1980 1293 2119 1334 begieſſen,
2128 1291 2286 1334 betroͤpffen.

1592 1340 1751 1377 Piluccàre,
1760 1338 1923 1382 pilluccàre.
1939 1338 2110 1381 abzwacken,
2114 1336 2274 1382 abpfluͤcken,
2286 1332 2334 1378 ab⸗

1634 1384 1734 1428 freſſen.
1742 1384 1765 1417 l'
1771 1395 1829 1418 uve
1841 1383 1886 1417 dal
1895 1382 2006 1428 graſpo.
2018 1384 2057 1419 die
2063 1381 2193 1420 Trauben
2202 1389 2256 1418 von
2264 1381 2329 1417 dem

1636 1433 1774 1474 Stengel.

1592 1470 1761 1509 Piluccòne,
1782 1466 1956 1512 pilluccòne.
1966 1479 2004 1500 m.
2011 1468 2055 1503 ein
2070 1469 2228 1510 Abzwacker
2241 1469 2275 1499 it.
2283 1469 2331 1502 ein

1635 1519 1788 1560 Geitzhals,
1797 1516 2063 1559 Gewinnſuͤchtiger.

1593 1557 1743 1591 Pimàccio.
1749 1568 1777 1588 v.
1786 1557 1883 1588 Piùma
1893 1556 1945 1587 &c.
1958 1552 2158 1591 Hauptkuͤſſen.

1593 1602 1728 1638 Pinàccia,
1738 1598 1863 1644 pinàzza,
1871 1598 1984 1644 pinàſſa.
1997 1600 2039 1635 ein
2058 1597 2262 1641 Jagt⸗Schiff,
2270 1599 2333 1633 eine

1635 1649 1760 1678 Pinaſſe.

1594 1684 1684 1720 Pìnca.
1692 1687 1749 1719 eine
1756 1683 1811 1719 Art
1818 1690 1874 1718 von
1881 1682 2000 1727 Kuͤrbiß,
2010 1680 2227 1722 Kukummern.
2221 1678 2255 1721 it:
2259 1684 2333 1711 met.

1639 1736 1679 1768 ein
1687 1732 1940 1772 Kinder⸗Piplein.

1597 1773 1735 1810 Pìnca-co.
1743 1773 1796 1810 des
1800 1773 1918 1810 Manns
1924 1774 2024 1810 Glied.
2030 1785 2057 1806 v.
2065 1775 2177 1805 Cazzo.

1598 1815 1731 1849 Pincòne,
1742 1825 1780 1846 m.
1788 1814 1831 1847 ein
1840 1813 1908 1849 groß
1916 1813 2009 1849 Glied.
2027 1827 2046 1845 v.
2051 1817 2193 1844 Cazzuto.

1596 1851 1876 1887 Pincòne-chellòne.
1885 1858 1952 1883 met.
1960 1854 2002 1886 ein
2012 1848 2129 1894 Toͤlpel,
2141 1847 2278 1886 Luͤmmel.

1596 1899 1773 1937 Pìnce-cètte.
1784 1899 1840 1933 eine
1849 1896 2049 1940 Zwick⸗Zange.
2060 1910 2086 1932 v.
2103 1896 2256 1936 Tenaglie,
2270 1896 2336 1929 Ta-

1634 1948 1741 1987 nàglie,
1747 1941 1939 1987 Tanagliètte,
1948 1946 2086 1979 Mollètte.
2094 1944 2120 1985 ſo
2131 1944 2220 1985 beſſer.

1597 1990 1742 2026 Pinciòne,
1751 1987 1891 2030 pinzòne.
1901 1999 1939 2020 m.
1948 1989 1989 2022 ein
1996 1988 2098 2030 Fincke,
2106 1987 2250 2028 (Vogel.)

1596 2034 1728 2076 Pingere,
1728 2033 1826 2075 pinto,
1834 2033 1951 2074 pittore.
1958 2043 1984 2062 v.
1993 2033 2161 2073 Dipingere.
2167 2029 2288 2072 mahlen.

1595 2075 1693 2113 Pìnna,
1702 2072 1838 2115 pènnola,
1845 2073 1947 2116 pinne,
1955 2065 2083 2120 pìnnole.
2091 2072 2132 2116 pl.
2140 2071 2336 2116 Floß⸗Federn

1639 2135 1673 2155 an
1682 2123 1803 2166 Fiſchen.

1596 2160 1761 2197 Pinnàcolo,
1771 2160 1912 2202 pinàcolo.
1923 2159 2027 2203 Zinne,
2031 2155 2149 2202 hoͤchſter
2173 2156 2276 2201 Gipffel
2296 2158 2335 2194 ei⸗

1637 2212 1687 2245 nes
1694 2206 1845 2248 Gebaͤues,
1859 2209 1903 2245 (in
1912 2208 1999 2239 Sacris
2016 2214 2046 2245 zu
2061 2203 2221 2248 brauchen.)

1596 2256 1675 2284 Pìno.
1685 2263 1710 2284 v.
1725 2251 1822 2295 pigno.
1835 2250 2072 2284 Fichten⸗Baum.

1598 2291 1684 2327 Pìnta.
1706 2298 1749 2324 ein
1767 2288 1855 2332 Maß.
1872 2299 1926 2320 una
1940 2289 2020 2331 pinta
2042 2287 2072 2319 di
2091 2289 2169 2320 vino.
2190 2288 2233 2322 ein
2252 2286 2332 2327 Maß

1639 2339 1737 2375 Wein.
1753 2347 1807 2368 una
1821 2345 1920 2367 mezza
1937 2335 2037 2379 pinta,
2055 2335 2097 2370 ein
2106 2334 2169 2376 halb
2202 2326 2279 2380 Maß,
2291 2335 2333 2373 ein

1642 2376 1738 2421 Noͤſel.
1749 2378 1772 2420 v.
1776 2384 1906 2417 Boccàle.

1600 2421 1762 2460 Pintarèlla.
1784 2421 1872 2459 idem.
1885 2422 1928 2457 ein
1952 2420 2043 2464 gewiß.
2061 2420 2160 2464 Maß,
2176 2421 2218 2456 ein
2233 2416 2333 2463 Noͤſel⸗

1644 2474 1707 2503 gen.

1601 2506 1783 2548 Pinzigliàre.
1791 2517 1820 2539 v.
1840 2503 2001 2548 penzolàre.
2022 2502 2191 2549 pendolàre.
2220 2503 2334 2545 hangen,

1644 2557 1787 2599 baumeln,
1797 2556 1916 2596 bomeln.

1602 2595 1823 2635 Pinzòcchera,
1860 2594 2064 2638 pizzòcchera.
2107 2595 2171 2631 eine
2203 2593 2333 2629 Ordens⸗
