3210 4429
439 392 568 471 289

899 385 1140 458 Conſult.
1140 385 1226 458 &
1226 385 1425 458 Deciſ.
1425 385 1644 458 Forenſ.
1644 385 1732 458 X.

2082 390 2200 449 290

864 509 1162 597 Expedit.
1211 531 1282 576 21.
1310 505 1582 576 Octobr.
1611 505 1781 593 1716.

461 641 615 795 J

615 641 662 715 N
679 658 827 712 Sachen
841 647 1027 709 Joachim
1037 649 1158 704 Ernſt
1167 649 1305 698 Truch⸗

627 719 683 768 ſes
697 727 764 760 von
773 712 1030 766 Wetzhauſen,
1041 707 1190 762 Klaͤgern
1206 710 1305 756 eines,

615 761 734 809 wider
769 760 926 812 weyland
961 758 1095 806 Wolff
1121 755 1306 803 Dieterich

463 809 646 861 Truchſes
656 817 723 850 von
732 804 992 857 Wetzhauſen,
995 817 1211 861 Beklagten,
1236 811 1306 841 und

466 858 751 914 Intervenienten,
768 865 875 908 Otto
885 860 1045 918 Philipp
1063 868 1130 900 von
1141 859 1308 900 Gutten⸗

465 918 575 968 berg,
601 919 729 959 andern
746 914 885 966 Theils,
909 915 1006 952 deciſi
1020 912 1170 949 Mandati
1183 910 1310 948 inhibi-

467 969 546 1003 torii
560 966 601 1002 de
620 977 690 1000 non
707 962 876 1000 alienando
891 959 976 997 bona
987 960 1073 996 avita
1087 969 1155 993 tam
1170 956 1310 995 feudalia

467 1031 569 1066 quam
596 1016 780 1058 allodialia,
817 1013 891 1065 jetzo
914 1013 1018 1055 wider
1040 1011 1221 1060 gedachten
1246 1017 1313 1051 von

467 1070 714 1117 Guttenberg
738 1072 809 1111 und
837 1065 1007 1117 Johann
1033 1062 1188 1113 Adolph
1207 1061 1314 1112 Frey⸗

468 1114 579 1174 herrn
591 1113 705 1173 Wolff
705 1113 870 1174 genannt
868 1107 1104 1161 Metternich
1104 1108 1159 1160 zur
1165 1104 1315 1158 Gracht

470 1169 584 1207 uxorio
596 1169 756 1208 nomine,
781 1162 960 1215 reſpective
971 1161 1165 1211 Beklagten
1176 1163 1248 1202 und
1256 1160 1316 1198 Aſ-

470 1217 649 1263 ſiſtenten,
681 1210 952 1263 Supplicationis,
977 1210 1019 1258 ſo
1026 1209 1119 1259 wohl
1133 1210 1171 1244 in
1192 1209 1317 1257 puncto

471 1270 643 1308 Retractus
653 1270 714 1307 der
725 1262 925 1314 verkaufften
939 1254 1238 1305 Allodial - Guͤter,
1246 1260 1318 1299 und

472 1321 622 1357 Actionis
639 1320 677 1355 ad
696 1315 860 1358 intereſſe,
887 1314 984 1356 allem
997 1309 1226 1358 Vorbringen
1235 1308 1318 1357 nach

473 1379 513 1419 zu
531 1369 640 1418 Recht
659 1368 818 1414 erkannt,
849 1367 915 1410 daß
926 1364 1125 1415 Beklagten
1145 1366 1216 1404 und
1237 1362 1321 1401 Aſſi-

469 1422 556 1458 ſtent
572 1426 640 1458 von
657 1414 857 1466 angeſtellter
870 1412 981 1461 Klage
996 1420 1034 1459 zu
1049 1407 1233 1456 abſolviren
1247 1411 1321 1451 und

472 1468 659 1516 entledigen
674 1465 768 1515 ſeyn,
800 1467 856 1507 als
872 1465 961 1509 Wir
981 1461 1117 1508 dieſelbe
1132 1459 1249 1509 hiemit
1265 1460 1322 1497 ab-

474 1517 615 1559 ſolviren
634 1518 705 1557 und
726 1506 928 1561 entledigen,
956 1512 1008 1555 die
1020 1506 1322 1558 Gerichts⸗Koſten

474 1564 512 1610 in
538 1564 657 1616 dieſem
674 1563 794 1615 Punct
824 1562 1054 1611 derentwegen
1074 1547 1322 1610 aufgelauffen,

1350 646 1455 689 gegen
1493 637 1649 682 einander
1688 633 1932 687 compenſirend
1963 636 2032 675 und
2065 631 2199 683 verglei⸗

1355 697 1464 744 chend.

1403 755 1522 802 Dann
1542 758 1578 791 in
1607 757 1731 804 puncto
1754 753 1904 791 Actionis
1920 751 2128 787 revocatoriæ
2144 750 2201 790 der

1355 808 1623 860 mitverkaufften
1637 803 1885 856 Lehen⸗Guͤter,
1909 807 1947 857 iſt
1960 810 2019 843 Dr.
2028 802 2203 849 Guͤlchen

1356 857 1421 908 ſein
1435 860 1491 900 der
1514 855 1732 895 Commiſſion
1751 856 1790 890 ad
1812 852 2024 901 ſeparandum
2041 850 2136 887 feuda
2159 849 2200 885 ab

1355 913 1484 951 allodiis
1497 908 1667 959 geſchehen
1681 906 1881 957 Begehren,
1905 904 1985 953 noch
1997 912 2053 952 zur
2058 901 2132 952 Zeit
2144 902 2204 943 ab⸗

1358 957 1567 1007 geſchlagen,
1602 956 1742 1006 ſondern
1763 956 1857 1002 ihm,
1890 959 1968 995 was
1982 951 2043 999 ſich
2067 950 2134 1001 auf
2153 952 2206 993 die

1362 1010 1462 1057 durch
1479 1010 1631 1055 weyland
1652 1012 1701 1048 Lt.
1716 1005 1890 1051 Albrecht
1910 1003 2051 1055 deßfalls
2073 999 2206 1050 uͤberge⸗

1362 1058 1442 1100 bene
1450 1060 1520 1098 und
1532 1066 1570 1104 zu
1582 1054 1697 1103 dieſem
1705 1054 1823 1103 Punct
1834 1048 1991 1100 gehoͤrige
2000 1051 2206 1088 Deduction-

1364 1111 1522 1158 Schrifft
1548 1110 1606 1147 ſub
1625 1109 1708 1156 [89]
1729 1109 1792 1146 ſive
1809 1104 1921 1156 [117]
1938 1107 1974 1139 in
1992 1103 2099 1152 ſpecie
2122 1101 2208 1151 auch

1364 1165 1480 1204 wegen
1521 1158 1578 1197 der
1609 1155 1706 1196 darin
1734 1159 1948 1200 angezogener
1974 1149 2208 1198 Gewohnheit

1368 1209 1425 1248 der
1434 1200 1747 1254 Wuͤrtzburgiſchen
1764 1201 1936 1249 Adelichen
1949 1199 2051 1247 Lehen
2070 1208 2106 1244 zu
2126 1199 2210 1245 han⸗

1369 1257 1445 1297 deln
1459 1250 1640 1305 gebuͤhret,
1668 1255 1743 1293 dem
1762 1250 1960 1299 Gegentheil
1981 1248 2064 1298 ſeine
2083 1249 2210 1294 fernere

1369 1303 1701 1357 Gegen⸗Handlung
1718 1302 1969 1352 vorbehaltlich,
1993 1299 2065 1348 Zeit
2095 1299 2130 1351 2.
2119 1300 2205 1341 Mo⸗

1369 1363 1430 1399 nat
1453 1371 1512 1405 pro
1534 1360 1581 1396 T.
1603 1364 1638 1396 &
1665 1359 1699 1394 P.
1716 1363 1783 1396 von
1794 1351 1900 1396 Amts
1922 1359 2034 1397 wegen
2048 1348 2210 1397 angeſetzt,

1370 1408 1434 1448 mit
1456 1411 1532 1447 dem
1545 1403 1718 1453 Anhang,
1745 1410 1800 1443 wo
1815 1401 1859 1448 er
1879 1400 2016 1450 ſolchem
2033 1399 2101 1447 alſo
2122 1403 2208 1445 nicht

1370 1454 1608 1504 nachkommen
1626 1453 1729 1496 wird,
1755 1449 1819 1497 daß
1834 1449 1983 1491 alsdann
1996 1447 2061 1497 auf
2071 1451 2127 1488 des
2139 1447 2209 1488 Ge⸗

1368 1507 1534 1557 gentheils
1550 1504 1736 1555 Anruffen,
1760 1505 1795 1545 in
1809 1506 1865 1545 der
1881 1501 2028 1551 Sachen
2047 1498 2151 1549 ferner
2167 1509 2213 1541 er⸗

1366 1557 1472 1608 gehen
1486 1556 1560 1607 ſolle
1578 1563 1658 1601 was
1676 1554 1787 1605 Recht
1803 1555 1852 1601 iſt.

806 1613 1275 1760 Conſultatio
1308 1670 1392 1733 &
1435 1661 1734 1743 Deciſio
1779 1662 1912 1721 XI.

973 1847 1059 1906 Ad
1095 1839 1314 1899 Cauſam
1349 1836 1723 1911 præcedentem.

1076 1969 1333 2034 Votum
1361 1957 1627 2027 ulterius.

888 2097 974 2152 De
1013 2093 1229 2150 Actione
1265 2088 1416 2147 Feudi
1459 2080 1812 2143 Revocatoria.

481 2197 567 2284 T

567 2196 709 2244 Ametſi
721 2208 793 2250 ego
810 2198 850 2235 in
877 2196 966 2236 Voto
991 2200 1079 2240 meo,
1093 2192 1208 2232 Anno
1227 2194 1331 2241 1716.

590 2244 711 2280 dicto,
750 2242 795 2270 ad
816 2238 1075 2269 abſolutoriam
1099 2241 1212 2276 partis
1229 2239 1333 2272 Reæ,

485 2303 595 2342 etiam
613 2302 657 2341 ab
672 2301 831 2340 Actione
844 2297 959 2338 Feudi
976 2296 1219 2341 revocatoria,
1233 2299 1334 2332 incli-

490 2350 678 2397 naverim;
705 2348 805 2387 Cum
818 2358 926 2385 tamen
945 2343 1137 2390 Sententia,
1151 2353 1233 2391 quæ
1247 2338 1335 2378 tunc

488 2411 548 2438 me
567 2409 718 2447 quoque
733 2408 810 2434 non
838 2401 1065 2444 repugnante
1084 2391 1252 2433 concluſa
1266 2383 1337 2430 fuit

493 2460 549 2493 16.
564 2452 722 2493 Octobr.
733 2452 847 2489 Anno
866 2450 969 2495 1716.
986 2446 1169 2496 publicata
1183 2434 1336 2494 placuit,

488 2502 527 2539 in
546 2499 619 2539 hoc
632 2498 797 2538 Articulo
811 2494 1092 2541 interlocutoria,
1120 2490 1337 2542 ampliorem

490 2550 633 2591 dederit
655 2556 829 2597 campum
850 2544 1008 2595 partibus
1027 2543 1073 2581 ad
1099 2540 1338 2592 quæſtionem

492 2601 593 2641 iſtam
618 2596 902 2646 discutiendam,
926 2604 997 2645 ego
1017 2603 1170 2644 quoque
1191 2590 1342 2631 ulterius

492 2649 728 2696 meditando,
755 2649 793 2687 &
809 2644 1022 2687 abducendo
1041 2642 1280 2693 cogitationes
1296 2640 1339 2679 ab

490 2703 714 2752 argumentis
729 2698 820 2738 meis
837 2695 1147 2748 præcedentibus,
1169 2693 1340 2743 quæſtio-

490 2759 556 2787 nes
573 2746 766 2787 nonnullas
789 2746 828 2783 in
844 2743 1010 2783 medium
1026 2741 1239 2793 proferam,
1264 2748 1341 2775 me-

490 2810 624 2848 amque
644 2796 902 2838 reſolutionem
916 2792 1121 2844 ſubjiciam,
1140 2790 1238 2829 unde
1253 2800 1340 2828 por-

493 2857 550 2892 ro,
567 2843 656 2895 quid
674 2856 744 2895 pro
763 2843 851 2882 ſtatu
860 2833 1035 2894 præſente
1048 2841 1231 2881 Actorum
1242 2831 1340 2879 facto

497 2911 592 2951 opus
610 2900 652 2940 ſit
673 2911 753 2937 mea
776 2896 975 2945 opinione,
1004 2892 1207 2945 colligitur,
1240 2891 1339 2932 ſalvo

495 2950 633 2999 ubique
646 2948 790 2987 meliori
801 2946 956 2995 Judicio.

810 2999 952 3053 Quæſt.
978 3002 1005 3040 I.

545 3045 608 3081 An
629 3043 772 3082 Fratres
797 3039 983 3089 Truchſeſſii
1005 3036 1205 3079 dividentes
1226 3033 1341 3073 Anno

501 3105 605 3145 1665.
621 3102 660 3137 in
668 3106 702 3143 §.
723 3103 756 3138 6.
770 3097 866 3148 pacti
884 3096 941 3155 [3]
964 3093 1203 3139 intellexerint
1225 3091 1342 3132 ſolum

497 3144 684 3185 Allodialia
696 3142 808 3186 bona,
821 3134 1048 3180 excludendo
1060 3136 1227 3176 Feudalia
1241 3142 1342 3183 quæ-

499 3188 685 3243 cunque?
699 3194 878 3233 Exiſtimo
895 3200 979 3240 ego,
988 3187 1155 3228 Feudalia
1170 3195 1344 3236 quæcun-

498 3255 572 3291 que
589 3257 666 3282 non
677 3244 780 3283 fuiſſe
792 3240 948 3285 excluſa,
962 3249 1031 3288 per
1045 3237 1250 3288 generalem
1261 3247 1344 3274 ver-

500 3290 634 3329 borum
659 3287 826 3333 ſenſum,
854 3288 896 3336 &
918 3287 1022 3332 quod
1043 3295 1136 3321 voce
1156 3286 1344 3319 bonorum

499 3342 607 3380 etiam
617 3339 739 3378 Feuda
750 3336 1119 3385 comprehendantur.
1161 3334 1345 3373 Aſſentior

501 3405 543 3432 ea
553 3393 591 3429 in
607 3404 647 3429 re
658 3389 760 3437 JCtis
778 3387 986 3437 Jenenſibus
1005 3389 1043 3427 &
1054 3386 1293 3436 Lipſienſibus
1307 3386 1346 3421 in

503 3445 695 3493 Reſponſis
717 3443 760 3482 ad
781 3442 874 3481 Acta
889 3439 1090 3491 productis.
1110 3436 1218 3488 [131]
1234 3435 1360 3485 [132]

504 3486 645 3531 Protuli
664 3499 735 3539 ego
747 3487 784 3523 in
798 3487 901 3525 Voto
918 3485 1146 3534 præcedente
1156 3487 1228 3520 Ao.
1239 3490 1345 3528 1716.

504 3540 661 3580 rationes
673 3538 764 3582 alias,
795 3550 801 3575 a
822 3533 1136 3587 præſumtionibus
1156 3534 1348 3577 deſumtas,

506 3601 525 3626 a
543 3587 676 3637 quibus
689 3598 740 3625 ut
748 3584 922 3630 recedam,
944 3583 1082 3622 cauſam
1106 3584 1273 3621 nondum
1292 3586 1348 3619 vi-

505 3639 588 3681 deo.
639 3638 790 3679 Accedit
804 3636 878 3687 jam
902 3634 993 3674 ratio
1012 3633 1215 3682 ſtringens,
1241 3633 1347 3679 quod

506 3689 704 3737 Allodialia
722 3687 798 3736 jure
815 3683 970 3726 dominii
988 3684 1087 3734 pleni
1111 3683 1262 3721 alienare
1280 3692 1349 3730 po-

507 3746 617 3784 tuerit
627 3745 739 3791 Wolff
743 3741 935 3782 Dietericus.
966 3737 1065 3788 Ergo
1074 3735 1118 3774 de
1129 3734 1347 3777 Feudalibus

510 3792 617 3831 bonis
641 3790 866 3841 potiſſimum
892 3788 942 3825 eſt
966 3782 1216 3836 intelligendus
1249 3782 1280 3833 §.
1313 3788 1345 3822 6.

508 3841 558 3883 Et
585 3841 669 3890 quia
688 3838 876 3880 Allodialia
899 3835 1115 3876 Feudalibus
1139 3832 1219 3872 ſunt
1248 3842 1349 3870 com-

1381 2180 1514 2234 mixta,
1547 2194 1703 2237 propter
1740 2181 2000 2235 ſeparationem
2033 2180 2223 2228 difficilem,

1382 2243 1486 2293 quod
1502 2242 1662 2295 agnoſcit
1685 2241 1801 2293 Joach.
1816 2242 1962 2285 Erneſtus
1980 2239 2096 2278 Actor
2115 2240 2150 2276 in
2167 2238 2225 2276 Li-

1381 2296 1469 2335 teris
1484 2294 1592 2343 [136]
1613 2293 1680 2331 Lit.
1694 2295 1738 2332 A.
1763 2286 1932 2331 credibile
1951 2302 2027 2327 non
2040 2289 2114 2333 eſt,
2139 2288 2224 2327 Fra-

1383 2358 1456 2387 tres
1470 2346 1571 2385 dicto
1595 2346 1624 2396 §.
1645 2350 1676 2382 6.
1691 2342 1889 2393 intelligere
1911 2340 2064 2380 voluiſſe
2074 2339 2146 2379 ſola
2161 2341 2225 2378 Al-

1384 2393 1493 2441 lodia,
1506 2395 1544 2433 &
1560 2391 1749 2431 excludere
1758 2390 1880 2429 Feuda
1896 2396 2133 2436 quæcunque.
2168 2385 2227 2423 Li-

1385 2455 1472 2484 teræ
1483 2445 1648 2493 Joachimi
1661 2443 1784 2485 Erneſti
1802 2444 1870 2479 Ao.
1887 2443 1988 2486 1694.
2004 2438 2047 2475 ad
2061 2439 2226 2476 Fratrem

1385 2505 1536 2534 exaratæ
1547 2492 1646 2532 dicto
1663 2489 1770 2541 [136]
1787 2492 1825 2528 &
1843 2489 2030 2536 ſequentes
2038 2486 2110 2523 Ao.
2122 2488 2227 2530 1695.

1391 2557 1442 2584 15.
1450 2541 1525 2593 Jul.
1536 2544 1597 2599 [4]
1614 2545 1651 2585 &
1666 2559 1699 2592 4.
1717 2543 1813 2593 Sept.
1829 2541 1910 2593 [61]
1931 2540 2006 2579 ſatis
2024 2548 2145 2588 aperte
2161 2539 2228 2577 do-

1387 2603 1487 2638 cent,
1504 2592 1639 2631 nullam
1650 2589 1973 2630 contradictionem
1985 2587 2112 2626 factam
2129 2586 2228 2627 fuiſſe

1387 2645 1479 2682 circa
1500 2641 1752 2680 alienationem
1769 2639 1976 2687 aliquorum
1995 2633 2227 2681 Feudalium,

1389 2691 1452 2731 ſed
1466 2700 1606 2729 tantum
1622 2689 1667 2727 de
1682 2687 1914 2726 æſtimatione
1935 2683 2119 2721 bonorum
2135 2683 2229 2721 inter

1389 2743 1530 2783 Fratres
1545 2751 1632 2779 tunc
1651 2739 1799 2780 extitiſſe
1817 2736 2015 2778 diſſenſum.
2067 2732 2174 2774 Adde
2187 2735 2231 2772 li-

1389 2809 1482 2838 teras
1500 2798 1545 2837 ad
1561 2794 1789 2847 Epiſcopum
1806 2793 1864 2842 [5]
1882 2795 1918 2831 &
1935 2792 1996 2843 [7]

1710 2844 1847 2896 Quæſt.
1871 2851 1914 2882 II.

1411 2891 1473 2929 An
1480 2900 1542 2941 per
1562 2889 1700 2927 pactum
1700 2887 1801 2925 iſtud
1811 2894 1838 2930 §.
1849 2892 1880 2926 6.
1889 2885 2039 2928 Fratres,
2049 2879 2231 2921 reſervan-

1388 2940 1440 2981 do
1452 2941 1610 2979 invicem
1617 2937 1678 2985 Jus
1692 2936 1938 2987 protimiſeos,
1960 2930 2151 2971 excludere
2165 2943 2232 2968 vo-

1387 2985 1931 3030 IuerintActionemFeudorum
1939 2982 2075 3031 absque
2084 2979 2232 3019 conſen-

1389 3039 1429 3081 ſu
1447 3036 1606 3077 fraterno
1626 3035 1863 3075 alienatorum
1879 3030 2184 3071 Revocatoriam?

1439 3092 1528 3132 Hoc
1537 3088 1687 3139 quidem
1697 3089 1735 3127 in
1740 3085 2043 3127 Concluſionibus
2059 3082 2149 3121 meis
2162 3082 2233 3122 Ao.

1394 3147 1500 3189 1716.
1524 3153 1571 3180 ex
1593 3141 1677 3181 ſolis
1704 3140 1825 3180 verbis
1849 3138 1935 3177 dicti
1959 3137 1987 3187 §.
2009 3140 2040 3173 6.
2073 3147 2148 3172 non
2165 3132 2234 3172 fuit

1392 3190 1576 3236 elicitum,
1608 3187 1668 3226 ſed
1704 3198 1749 3226 ex
1784 3184 1983 3234 conjuncto
2015 3191 2232 3231 argumento

1393 3239 1677 3285 Conſuetudinis
1692 3239 1785 3279 inter
1804 3238 1956 3277 Nobiles
1968 3230 2126 3276 Vaſallos
2139 3235 2235 3273 Her-

1393 3290 1615 3336 bipolenſes,
1642 3290 1681 3327 &
1693 3284 1874 3337 ſpeciatim
1893 3286 1931 3322 in
1947 3285 2092 3325 Familia
2111 3284 2231 3321 Truch-

1389 3327 1554 3386 ſeſſiorum.

1446 3386 1626 3436 Adeoque
1638 3383 1683 3422 ad
1698 3383 1932 3432 quæſtionem
1943 3378 2163 3430 propoſitam
2180 3390 2234 3416 re-

1395 3434 1579 3487 ſpondeo,
1604 3435 1707 3483 quod
1732 3434 1843 3472 Actio
1860 3423 1974 3470 Feudi
1992 3427 2235 3475 revocatoria,

1391 3491 1461 3530 ubi
1483 3491 1565 3529 alias
1585 3487 1729 3526 fundata
1753 3485 1869 3528 foret,
1895 3494 1961 3531 per
1975 3481 2084 3520 verba
2098 3482 2185 3520 dicti
2204 3492 2234 3520 §.

1400 3542 1432 3576 6.
1451 3535 1590 3575 excluſa
1608 3547 1682 3572 non
1702 3535 1761 3577 ſit,
1795 3532 1877 3579 quia
1901 3532 2041 3568 Fratres
2065 3528 2109 3566 de
2135 3517 2236 3570 cauſa

1397 3588 1527 3626 mortis
1536 3586 1737 3623 alterutrius
1745 3583 1878 3631 absque
1886 3578 2088 3619 hæredibus
2096 3576 2235 3616 maſcu-

1396 3637 1462 3681 lis,
1489 3637 1526 3673 in
1544 3646 1622 3673 toto
1641 3645 1767 3671 tenore
1781 3630 1874 3681 pacti
1895 3633 1963 3669 Ao.
1981 3629 2083 3676 1665.
2102 3626 2236 3666 nullam

1396 3684 1558 3724 fecerunt
1572 3683 1812 3726 mentionem,
1839 3679 1875 3717 &
1893 3689 2016 3715 omnia
2031 3676 2141 3714 verba
2161 3678 2190 3724 §.
2205 3679 2236 3714 6.

1396 3737 1546 3789 intelligi
1555 3734 1699 3785 poſſunt
1714 3734 1759 3772 de
1774 3734 1854 3784 jure
1867 3731 1944 3770 ſolo
1955 3728 2188 3770 Protimiſeos
2202 3729 2240 3765 in

1397 3785 1476 3824 caſu
1491 3776 1714 3832 venditionis,
1729 3778 1996 3827 utroqueFratre
2011 3776 2108 3819 vivo,
2120 3786 2240 3822 neque

1397 3836 1495 3873 enim
1517 3830 1561 3869 ad
1584 3829 1745 3871 hæredes
1772 3825 1988 3878 obligandos
2012 3826 2120 3863 verba
2145 3829 2237 3875 pacti

1495 3886 1548 3930 T

2153 3893 2247 3929 ſunt
