1343 2053
163 262 341 301 Conſumtis
353 254 474 297 viribus
482 264 759 305 appropinquare,
765 264 860 299 gantz
865 252 978 295 ermuͤ⸗

82 320 158 352 det
169 322 226 361 ſich
244 316 381 364 naͤhern.

156 362 244 395 Huic
261 362 305 395 rei
314 371 380 395 non
395 358 504 399 defui,
528 359 577 402 ich
588 358 663 405 habe
681 361 716 396 in
735 358 834 405 dieſer
855 356 974 403 Sache

110 410 217 453 nichts
224 420 268 449 an
278 412 342 449 mir
354 410 541 456 ermangeln
553 408 655 456 laſſen.

159 467 192 492 v.
218 468 248 491 2.
297 456 414 492 Redire
421 455 463 491 ad
473 454 615 503 gladios,
641 464 678 497 zu
688 457 746 492 den
759 451 878 502 Degen
890 454 975 493 kom⸗

109 511 201 548 men/
209 506 351 556 greiffen.

158 562 192 588 v.
218 564 251 594 3.
303 553 425 589 Omnis
432 553 609 589 multitudo
617 551 847 599 ſagittariorum
858 551 887 586 ſe
895 563 972 598 pro-

111 602 214 647 fudit,
238 606 288 643 die
306 610 407 653 gantze
424 601 554 652 Menge
569 607 623 644 der
636 598 800 650 Schuͤtzen
809 606 846 651 iſt
853 595 975 653 herfuͤr⸗

113 656 294 702 gebrochen.

162 702 347 741 Turmatim
358 700 389 737 ſe
400 703 574 750 explicare,
605 702 664 750 ſich
673 700 881 748 Squadronen
891 702 976 747 weiß

111 751 168 791 ins
178 752 257 797 Feld
267 753 382 802 ſtellen.

160 805 196 832 v.
225 807 256 840 5.
297 796 423 833 Nemo
432 794 588 834 conſiſtit,
598 796 752 833 niemand
759 790 831 841 haͤlt
840 793 974 835 Stand.

159 853 302 895 Incitati,
326 849 460 897 behend/
463 849 657 897 geſchwind.

345 910 562 966 CAPUT
588 911 740 965 XCIV.

491 986 569 1032 Verſ.
593 996 616 1019 1.

113 1031 175 1131 T

175 1031 264 1085 ertia
280 1037 359 1076 acies
374 1035 482 1085 quieta
496 1034 576 1080 fuit,
603 1038 651 1076 die
667 1035 762 1078 dritte
781 1033 977 1086 Schlacht⸗

203 1083 376 1134 Ordnung
386 1086 423 1132 iſt
431 1087 520 1137 nicht
536 1091 609 1133 zum
620 1087 761 1131 ſchlagen
766 1090 926 1131 kommen.

162 1146 198 1173 v.
223 1138 258 1174 6.
309 1139 432 1175 Ponere
442 1140 639 1172 centuriones
655 1139 688 1170 in
699 1131 831 1170 ſtatione
845 1140 885 1171 ad
894 1147 975 1183 præ-

109 1190 230 1225 toriam
238 1199 366 1237 portam,
392 1191 440 1226 die
447 1188 667 1236 Hauptleute/
675 1190 729 1227 als
738 1187 975 1235 Schildwache

114 1250 153 1282 zu
162 1248 235 1284 dem
245 1246 354 1294 Thor/
363 1244 501 1290 welches
518 1253 614 1291 gegen
633 1247 703 1283 dem
717 1243 834 1290 Feinde
851 1244 975 1290 zuligt/

113 1288 271 1334 verlegen.

153 1321 290 1375 Durius
301 1330 380 1374 quid
387 1330 506 1369 accidit,
516 1336 551 1363 es
559 1311 596 1373 iſt
606 1325 803 1370 ungluͤcklich
813 1338 969 1380 abgeloffẽ.

164 1400 199 1425 v.
223 1401 259 1431 7.
309 1392 468 1432 Diffidere
479 1388 611 1427 ſummæ
621 1390 686 1432 rei,
709 1398 754 1427 an
770 1391 822 1428 der
840 1387 965 1437 Haupt⸗

113 1427 233 1478 Sache
243 1434 406 1478 verzagen.

353 1508 575 1559 CAPUT
610 1510 741 1559 XCV.

472 1588 550 1619 Verſ.
580 1598 610 1619 1.

113 1622 193 1710 U

193 1632 238 1675 Ti
248 1627 403 1667 beneficio
411 1626 567 1674 fortunæ,
579 1628 636 1676 ſich
646 1628 700 1678 deß
711 1620 853 1670 Gluͤckes
861 1624 975 1680 Gunſt

218 1675 378 1711 bedienen,
