2319 2838
908 517 1104 582 Dispoſitio.

294 590 616 637 EXORDIVM.

352 640 438 683 Ant.
486 634 699 694 Theologiæ
721 632 889 694 ſtudium
921 639 979 682 eſt
993 635 1207 682 laudabile.
1226 653 1264 682 n.
1284 654 1311 682 I.

396 691 526 726 Amplif.
534 698 597 727 per
610 696 799 733 ætiologiam
816 691 856 718 ab
872 689 997 721 obiecto.
1021 687 1114 720 Nam
1132 687 1302 731 theologia
1318 688 1363 721 eſt
1379 675 1645 734 præſtantisſima
1661 684 1709 722 fa-

446 747 559 787 cultas.
577 761 608 785 n.
628 759 659 785 2.

438 798 525 830 Ratio
540 800 622 832 ætiol.
636 800 670 830 ab
685 798 790 840 effectu.
811 799 915 839 Iungit
929 799 1008 832 enim
1023 811 1076 832 nos
1094 801 1168 832 Deo.
1185 810 1212 830 n.
1231 810 1256 830 2.

352 840 457 880 Conn.
483 844 628 895 Quum
655 838 781 895 igitur
805 836 928 884 iuſſus
952 839 1025 886 ſim
1049 840 1101 885 de
1128 840 1251 885 huius
1272 838 1487 898 diſciplinæ
1513 840 1705 888 laudibus

409 908 565 953 dicere:
583 922 610 949 n
634 920 670 958 3.

394 958 527 1002 Amplif.
547 958 587 990 ab
602 970 671 1004 arg.
689 960 884 1002 explicanti:
901 971 934 994 et
947 961 1087 1006 quidem

462 1007 502 1053 1)
519 1008 694 1041 Remotiue.
722 1010 817 1049 Non,
832 1018 867 1041 vt
883 1018 987 1040 eas--
1002 1005 1150 1042 conarer.
1165 1017 1191 1039 n.
1198 1018 1229 1049 3.

516 1056 579 1086 Aet.
594 1056 658 1087 Hoc
673 1055 753 1085 enim
768 1064 796 1085 et
819 1054 992 1097 imperare--
1003 1057 1186 1086 temerarium
1213 1065 1240 1084 n.
1259 1063 1283 1093 3.

459 1102 503 1143 2)
524 1105 667 1151 Poſitiue.
684 1102 748 1140 Sed
762 1101 1058 1150 vt--explicarem.
1075 1114 1107 1136 n.
1127 1112 1156 1147 3.

351 1142 455 1210 Conſ.
479 1139 617 1207 Refugi
635 1148 806 1205 quidem
822 1152 938 1193 initio
954 1161 1114 1194 tantum
1131 1163 1249 1193 onus.
1271 1161 1311 1197 n.
1330 1160 1369 1202 4.

395 1209 525 1257 Amplif.
539 1209 579 1245 ab
594 1223 654 1259 arg
679 1209 956 1256 disſuadentibus:
971 1223 1045 1260 quæ
1059 1213 1239 1248 ſumuntur

460 1257 502 1303 1)
521 1266 542 1288 a
547 1254 698 1300 ſubiecto.
726 1254 925 1292 Adoleſcens
942 1267 975 1290 et
990 1257 1085 1291 rudis
1101 1268 1217 1291 rerum
1234 1256 1427 1293 diuinarum
1441 1253 1522 1292 ſum.
1537 1267 1568 1291 n.
1580 1263 1615 1299 4.

500 1308 607 1344 Illuſtr.
628 1308 662 1332 ab
675 1309 804 1342 exemplo.
828 1307 967 1334 Annibal,
989 1312 1081 1343 quum
1098 1306 1199 1344 Epheſi
1219 1306 1331 1336 audiret
1353 1304 1557 1336 Phormionem
1578 1305 1704 1347 philoſo-

538 1356 630 1391 phum
647 1354 682 1380 de
696 1355 877 1391 imperatoris
894 1350 992 1384 officio
1009 1360 1037 1383 et
1056 1355 1139 1383 omni
1161 1363 1190 1382 re
1207 1352 1327 1385 militari
1352 1351 1494 1394 copioſius
1505 1352 1701 1391 disſerentem,

542 1401 634 1427 fertur
647 1399 768 1428 dixisſe:
786 1401 896 1429 multos
911 1397 939 1428 ſe
953 1398 1059 1430 deliros
1073 1398 1152 1430 ſenes
1169 1396 1239 1438 ſæpe
1254 1396 1371 1436 vidisſe;
1384 1399 1441 1437 ſed,
1456 1398 1507 1439 qui
1516 1398 1606 1441 magis
1616 1408 1704 1438 quam

535 1440 675 1469 Phormio
702 1440 848 1476 deliraret,
870 1440 974 1477 vidisſe
991 1443 1147 1471 neminem.
1167 1442 1230 1470 Cic.
1247 1440 1286 1471 de
1306 1449 1378 1471 orat.
1397 1441 1416 1469 l.
1433 1451 1458 1470 2.
1481 1449 1504 1469 c.
1529 1447 1573 1477 18.
1598 1442 1703 1473 Cellar.

534 1496 633 1527 progr.
651 1497 677 1520 p.
697 1494 741 1519 18.

456 1516 498 1568 2)
517 1519 556 1556 ab
572 1520 695 1558 obiecto.
718 1524 783 1558 Res
802 1521 925 1557 diuinæ
939 1522 1097 1557 diuinum
1116 1522 1279 1557 orationis
1303 1532 1409 1566 genus
1425 1523 1610 1568 requirunt.
1624 1533 1654 1555 n.
1669 1530 1700 1564 5.

496 1574 601 1617 Illuſtr.
611 1585 628 1605 a
641 1572 804 1614 teſtimonio.
829 1576 909 1607 Plato
924 1573 1039 1617 ſcripſit,
1054 1576 1214 1607 orationi--
1227 1583 1369 1615 oportere.
1388 1586 1416 1605 n.
1429 1583 1455 1611 5.

349 1626 452 1670 Conn.
474 1622 580 1679 Quia
597 1635 698 1667 vero
717 1635 781 1668 res
798 1634 884 1667 non
900 1623 1076 1684 amplius
1090 1622 1251 1682 integra
1265 1624 1339 1670 eſt:
1358 1637 1398 1670 n.
1417 1628 1456 1670 6.

293 1708 635 1750 PROPOSITIO,
651 1706 719 1744 ſeu

344 1752 443 1800 Conſ.
456 1750 692 1793 Periculum
710 1750 831 1792 huius
847 1753 907 1793 rei
925 1751 1081 1795 faciam.
1098 1764 1137 1793 n.
1161 1755 1199 1794 6.

388 1794 517 1848 Amplif.
533 1799 576 1838 ab
591 1813 663 1849 arg.
681 1801 790 1837 concil.
811 1802 902 1838 Illud
930 1803 1060 1841 modo--
1075 1800 1298 1854 conſequatur.
1317 1815 1350 1837 n.
1367 1812 1402 1844 7.

287 1878 712 1931 TRACTATIO.
743 1875 1063 1941 Dignitatem
1087 1887 1237 1939 atque
1255 1877 1586 1938 præſtantiam
1604 1877 1701 1928 ſtu-

321 1941 428 1993 dii
443 1939 733 2011 theologici
749 1940 904 1992 docet
920 1943 1025 1992 eius

346 2029 376 2060 I.
396 2020 577 2070 Definitio.

385 2065 504 2100 Aetiol.
520 2065 614 2098 Nam
633 2064 803 2107 theologia
823 2063 869 2099 eſt
881 2062 1024 2106 ſcientia,
1039 2073 1114 2110 quæ
1132 2060 1257 2099 diuinæ
1271 2058 1439 2112 ſapientiæ
1455 2061 1632 2101 rheſauros
1641 2056 1698 2111 ho-

435 2123 585 2159 minibus
598 2123 750 2160 recludit.
771 2135 804 2158 n.
822 2130 853 2162 8.

383 2165 512 2214 Amplif.
533 2178 553 2199 a
570 2170 694 2212 conſect.
709 2172 900 2216 dogmatico,
916 2164 1019 2219 ipſam
1035 2166 1302 2218 propoſitionem
1315 2169 1517 2206 continente.
1543 2171 1634 2219 Ergo
1645 2179 1696 2205 ce-

435 2220 515 2259 teris
534 2220 690 2257 omnibus
707 2219 851 2258 ſcientiis
873 2219 1105 2270 anteponenda
1121 2217 1177 2259 eſt.
1193 2233 1225 2258 n.
1244 2225 1276 2261 8.

335 2287 375 2322 2.
393 2265 542 2330 Diuiſio.
570 2276 655 2319 Vbi
674 2280 858 2322 occurrit

448 2332 479 2378 1)
509 2327 673 2364 Transitio
689 2329 722 2360 ad
728 2325 929 2375 diuiſionem.
952 2327 1017 2365 Sed
1034 2328 1059 2365 ſi
1074 2326 1178 2363 huius
1197 2325 1513 2378 præſtantisſimæ--
1528 2325 1696 2374 intellige-

497 2406 582 2431 mus.
598 2403 629 2428 n.
641 2400 675 2436 9.

486 2442 593 2485 Illuſtr.
607 2452 624 2474 a
627 2439 726 2487 ſimili.
748 2441 810 2482 Qui
823 2441 983 2485 præclari--
999 2442 1107 2486 putant.
1121 2452 1149 2473 n.
1166 2451 1195 2482 9.
