2172 2612
1287 228 1350 271 48

718 308 891 343 mantur
920 295 1098 342 thaleris.
1171 291 1335 339 Deinde
1366 296 1420 336 in
1465 299 1719 346 computum
1761 285 1961 344 redigun-

722 369 791 401 tur
821 354 1051 408 Spann⸗und
1069 356 1181 407 Hand
1203 353 1368 409 Dienſte,
1417 352 1459 395 &
1496 338 1683 401 additur,
1722 358 1829 390 num
1861 355 1959 400 ope-

721 430 789 460 ras
831 413 1120 476 præſtantibus
1173 412 1366 471 aliquid,
1406 410 1595 456 alimenti
1635 406 1958 465 porrigendum,

722 471 837 515 unde
869 484 1008 528 operæ
1032 467 1156 514 vilius
1188 476 1397 513 taxantur.
1454 468 1520 512 De
1550 467 1679 510 variis
1712 461 1883 509 taxandi
1918 463 1960 505 &

724 525 956 571 æſtimandi
979 524 1143 576 modis,
1167 529 1235 565 von
1260 520 1544 572 unterſchiedenen
1567 519 1676 563 Arten
1700 521 1750 562 die
1792 514 1894 564 Guͤter
1919 526 1957 566 zu

724 584 857 630 taxiren
873 585 943 626 und
959 583 995 624 in
1012 579 1180 630 Anſchlag
1197 587 1235 627 zu
1249 576 1393 624 bringen
1410 565 1496 630 agit
1527 583 1824 616 SCHWEDER
1856 584 1891 613 c.
1911 572 1957 613 II.

724 641 862 698 Magis
892 647 1082 698 receptus
1112 634 1389 694 computandi
1411 633 1600 687 reditus,
1626 635 1687 677 den
1707 632 1849 683 Ertrag,
1864 643 1957 675 mo-

723 697 804 742 dus
823 699 894 750 eſt,
910 697 989 742 illis
1013 694 1069 739 ad
1087 687 1282 751 pecuniæ
1292 691 1567 749 quantitatem
1587 688 1811 741 æſtimatis,
1828 689 1870 731 &
1888 687 1958 732 de-

728 753 866 800 ductis
894 752 994 798 inde
1023 747 1253 801 oneribus,
1303 758 1464 793 certam
1496 744 1684 791 formare
1716 743 1958 789 ſummam:

728 819 834 861 gegen
852 823 885 864 5.
900 818 974 855 aut
990 812 1027 852 6.
1052 819 1131 867 pro
1144 815 1330 852 centum.
1391 804 1608 864 Dogmata
1634 804 1677 848 &
1701 801 1869 848 ſchema
1895 805 1957 847 vi-

722 870 775 913 de
801 882 865 923 ap.
890 864 1280 913 SCHWEDERVM
1306 861 1332 908 l.
1363 877 1396 907 c.
1422 878 1457 908 c.
1486 866 1594 911 XIII.
1617 863 1660 909 &
1686 870 1888 909 GASSER
1918 863 1954 905 in

723 928 781 968 der
804 923 1004 972 Einleitung
1019 931 1056 969 zu
1079 921 1143 962 den
1164 917 1444 968 œconomiſchen
1480 917 1551 961 und
1579 914 1770 967 politiſchen
1799 911 1959 966 Wiſſen⸗

727 983 884 1033 ſchafften
905 990 938 1021 c.
953 989 997 1030 4.
1012 978 1054 1034 §.
1071 987 1124 1029 23.
1180 978 1241 1022 Hi
1263 983 1432 1021 autores
1454 975 1581 1018 etiam
1607 978 1752 1029 agunt,
1775 979 1959 1026 quomo-

726 1033 784 1076 do
798 1023 969 1082 reditus,
988 1038 1077 1073 tam
1093 1028 1210 1079 certi,
1232 1037 1326 1081 quæ
1343 1021 1430 1070 fixa
1446 1023 1658 1074 dicuntur,
1674 1031 1805 1077 quam
1822 1019 1983 1067 incer-

726 1095 771 1147 ti,
788 1091 867 1137 ſint
885 1083 1182 1146 inveſtigandi,
1207 1096 1292 1141 qua
1308 1085 1486 1136 ratione
1500 1085 1666 1139 pecoris
1690 1083 1732 1124 &
1754 1090 1959 1135 agrorum

723 1141 1019 1200 repertorium,
1045 1141 1102 1187 ein
1125 1139 1300 1192 Feld⸗und
1315 1139 1422 1189 Vieh
1445 1135 1753 1190 inventarium,
1786 1133 1837 1176 ſit
1859 1144 1962 1175 con-

722 1198 968 1246 ficiendum.
1048 1199 1116 1246 De
1168 1192 1366 1257 formulis
1407 1191 1631 1241 locationis
1664 1184 1962 1236 conductionis

725 1255 887 1300 conſuli
913 1250 1047 1309 poteſt
1078 1261 1259 1298 STRYK
1285 1246 1332 1294 in
1355 1255 1458 1293 caut.
1485 1255 1614 1290 contr.
1646 1245 1689 1288 &
1736 1254 1886 1289 RHOR
1913 1242 1961 1286 im

681 1306 1008 1366 Haushaltungs
1027 1309 1148 1362 Recht.
1205 1310 1254 1353 In
1278 1303 1536 1364 prædiorum
1569 1298 1850 1352 locationibus
1878 1303 1983 1346 cir-

728 1379 778 1412 ca
797 1376 925 1423 agros
940 1375 1038 1410 ante
1052 1366 1200 1410 omnia
1222 1354 1544 1424 inſpiciendum,
1572 1356 1624 1402 ad
1646 1368 1773 1406 quam
1792 1354 1956 1404 claſſem

728 1424 928 1471 bonitatis
940 1417 1135 1480 ſpectent,
1172 1416 1197 1469 &
1219 1430 1271 1470 an
1292 1413 1482 1469 decimis,
1498 1402 1746 1469 canonibus,
1775 1422 1848 1456 aut
1861 1419 1962 1455 cen-

726 1483 841 1531 ſibus
869 1483 913 1525 &
946 1474 1089 1539 operis
1123 1466 1298 1534 ruſticis
1323 1469 1421 1529 ſint
1425 1472 1643 1528 obnoxii,
1660 1482 1767 1529 quot
1796 1460 1961 1518 vicibus

723 1552 844 1604 prata
862 1540 1013 1590 falcem
1032 1540 1248 1600 patiantur
1263 1537 1341 1585 &c.

1247 1644 1290 1698 §.
1331 1625 1427 1693 LV.

843 1727 1050 1786 Præfecti,
1071 1730 1134 1785 (*)
1171 1735 1301 1787 prout
1324 1723 1422 1772 illos
1445 1727 1492 1769 in
1518 1722 1587 1769 his
1605 1721 1727 1766 terris
1743 1718 1962 1773 habemus,

726 1796 812 1832 non
832 1793 888 1829 ut
907 1781 1015 1829 nudi
1030 1776 1314 1830 conductores
1327 1774 1584 1827 conſiderari
1596 1773 1772 1833 queunt,
1792 1774 1859 1819 ſed
1888 1774 1960 1821 ha-

1853 1833 1964 1882 bent

536 347 698 399 Quomodo

530 398 663 443 prædia

529 442 599 487 ſint
619 449 672 475 ta-

537 484 685 519 xanda?

774 1947 818 1991 (*)
845 1940 995 1997 Præfecti
1017 1946 1121 1983 noſtri
1145 1953 1217 1979 non
1237 1945 1284 1978 ita
1311 1941 1428 1985 procul
1460 1950 1467 1974 a
1487 1937 1722 1973 Romanorum
1751 1927 1962 1982 quæſtoribus

818 1988 1076 2040 provincialibus
1088 1989 1196 2028 abeſſe
1212 1990 1375 2027 videntur.
1419 1987 1473 2024 De
1487 1985 1540 2022 his
1555 1981 1764 2032 quæſtoribus
1784 1989 1885 2029 agunt
1907 1995 1963 2018 PI-

1870 2044 1962 2078 GHI-
