1696 2531
390 356 528 391 LIBER
559 359 647 393 XIV.
674 358 733 406 Ep.
767 365 796 392 I.

994 358 1064 405 667

132 432 190 472 (4)
200 432 443 483 &evocatorum
455 436 512 475 (5)
525 436 668 477 partem.
672 436 719 482 Ita
731 438 866 482 obviam
879 435 968 483 venit
981 438 1100 474 nobis,

142 483 218 524 quòd
231 501 293 524 nos
310 500 445 542 quatuor
462 485 610 536 legiones
625 489 760 541 tironum
788 489 840 539 (6)
854 492 971 528 habere
985 486 1091 529 ſolùm

142 536 356 585 arbitrabatur,
359 543 415 596 ſed
427 543 545 591 noctu,
548 544 610 598 quò
627 541 728 579 tutiùs
743 556 851 588 venire
868 546 898 580 in
911 546 1011 580 caſtra
1025 542 1095 594 poſ-

141 582 244 631 ſemus,
250 598 436 637 Legionem
436 598 618 638 Martiam,
635 598 687 622 cui
701 609 767 635 ego
790 598 917 636 præeſſe
937 595 1098 633 ſolebam,

141 634 160 698 &
176 640 248 681 duas
259 657 416 692 cohortes
429 652 595 700 prætorias
607 654 659 696 (7)
681 655 806 684 miſerat
829 652 960 685 Hirtius
985 648 1098 689 nobis.

141 707 242 732 Quum
256 705 381 737 equites
409 706 539 748 Antonii
561 704 786 737 apparuiſſent,
799 706 963 752 contineri
987 721 1098 751 neque

138 740 215 791 legio
236 758 374 792 Martia,
393 771 503 796 neque
534 761 693 803 cohortes
711 760 869 797 prætoriæ
890 768 1095 798 potuerunt:

131 809 200 848 quas
216 807 313 857 ſequi
318 814 478 858 cœpimus
496 814 618 850 coacti,
637 815 774 855 quando
794 825 846 845 eas
866 824 1005 845 retinere
1026 825 1095 846 non

131 852 331 920 poteramus.
382 867 553 912 Antonius
567 867 607 908 ad
624 871 739 910 Forum
762 866 927 913 Gallorum
951 874 1004 918 (8)
1023 866 1096 914 ſuas

131 902 234 950 copias
246 920 462 961 continebat;
489 933 587 965 neque
599 921 682 967 ſciri
682 920 823 968 volebat,
838 923 867 968 ſe
879 923 1026 955 legiones
1039 922 1096 965 ha-

131 949 216 1004 dere:
249 979 384 1018 tantum
413 973 603 1019 equitatum
632 973 664 1014 &
684 973 794 1018 levem
813 984 1014 1019 armaturam
1037 980 1097 1031 (9)

925 1037 1046 1078 oſten-

1108 434 1132 482 A.
1143 438 1175 465 U.
1194 444 1265 470 710.

1104 485 1167 525 Cic.
1181 490 1229 530 64.

136 1106 177 1154 bey
186 1121 267 1172 denen
275 1133 384 1178 innerl.
392 1133 523 1183 Kriegen
533 1130 559 1178 ſo
571 1142 756 1177 vermehret/
759 1131 817 1179 daß
822 1134 873 1176 der
874 1142 951 1183 Aug.
967 1145 996 1181 zu
1010 1137 1099 1182 ſeiner

136 1153 186 1194 Zeit
197 1169 338 1214 derſelben
348 1185 383 1230 9.
395 1183 487 1225 hatte.
519 1181 625 1218 Lipſius
640 1181 667 1222 de
681 1183 769 1223 Milit.
787 1183 875 1221 Rom.
895 1183 914 1222 I.
930 1190 958 1221 2.
977 1188 1073 1228 Dial.
1065 1194 1098 1231 4.

137 1217 194 1257 pag.
207 1224 253 1256 60.

167 1262 200 1300 4)
212 1262 430 1307 DieſemSilano
439 1266 522 1308 hatte
530 1267 578 1300 der
588 1266 753 1310 damahlige
763 1270 815 1300 Pro
833 1271 938 1300 Conſul
951 1273 978 1304 in
997 1274 1098 1309 Hiſpa-

137 1293 180 1330 nia
180 1305 322 1353 Cueriori
330 1314 379 1353 der
387 1316 505 1352 Lepidus
520 1316 597 1354 (vid.
600 1317 633 1356 l.
634 1318 677 1363 13.
686 1324 725 1363 ep.
735 1332 786 1359 12.
793 1331 831 1357 n.
830 1331 897 1365 10.)
911 1318 981 1363 ſeine
993 1333 1104 1367 Armée

135 1338 312 1400 untergeben/
322 1367 380 1389 und
391 1358 451 1395 ihm
461 1371 538 1392 zwar
553 1366 627 1389 nicht
637 1360 828 1403 ausdruͤcklich
840 1363 994 1415 befohlen/
1000 1367 1053 1409 daß
1066 1371 1096 1406 er

133 1383 172 1426 ſich
192 1402 244 1436 mit
263 1408 320 1440 dem
351 1409 477 1439 Antonio
499 1411 681 1446 conjungiren
700 1412 769 1450 ſolte
775 1414 880 1446 (denn
897 1422 921 1447 er
947 1418 1021 1448 wolte
1045 1421 1098 1452 den

133 1422 209 1470 Rath
220 1437 252 1491 zu
259 1442 348 1492 Rom
348 1443 416 1494 auch
439 1444 515 1493 nicht
525 1458 604 1487 gerne
618 1460 681 1484 zum
691 1448 803 1502 Feinde
800 1449 936 1498 haben.)
969 1454 1103 1502 Jmmit⸗

136 1471 183 1526 telſt
194 1480 258 1531 weil
277 1488 344 1527 doch
362 1492 413 1525 der
428 1494 547 1533 Silanus
559 1492 639 1531 ſchon
658 1494 688 1533 ſo
704 1494 760 1534 viel
774 1495 875 1537 wuſte/
892 1496 955 1541 daß
957 1505 990 1539 er
994 1504 1100 1541 ſeinem

136 1510 305 1567 Principalen
314 1532 415 1570 keinen
424 1531 548 1572 groͤſſern
559 1535 695 1579 Gefallen
708 1536 780 1574 thun
795 1537 897 1574 koͤnte/
900 1544 953 1583 als
964 1553 1045 1582 wenn
1067 1546 1097 1585 er

128 1553 180 1603 den
188 1569 349 1604 Antonium
360 1575 531 1615 ſecundirte/
545 1577 571 1620 ſo
584 1579 671 1618 nahm
685 1586 717 1616 er
725 1584 767 1619 die
787 1586 974 1621 anvertraute
993 1588 1102 1627 Armée

128 1609 189 1657 und
189 1612 321 1658 verfuͤgte
333 1616 380 1659 ſich
389 1625 467 1666 ohne
478 1629 563 1663 einige
576 1621 743 1669 Ruͤckfrage
760 1635 828 1663 nach
849 1629 980 1674 deſſelben
997 1623 1096 1676 Lager.

134 1644 195 1701 Vid.
202 1661 255 1701 Dio
276 1665 294 1702 l.
306 1677 354 1703 46.
365 1671 390 1709 p.
404 1678 476 1704 360.

166 1710 193 1739 5)
204 1706 264 1740 Vid.
275 1710 292 1738 l.
305 1717 335 1745 4.
350 1719 389 1745 ep.
402 1718 494 1750 2.not.
513 1719 557 1754 14.

168 1749 198 1791 6)
210 1753 466 1799 Neugeworbene.
506 1755 596 1791 Conf.
607 1754 640 1788 ſis
648 1756 769 1800 Lipſium
780 1760 814 1790 de
831 1762 920 1791 Milit.
930 1763 1013 1791 Rom.
1029 1763 1048 1788 l.
1062 1767 1091 1794 I.

134 1780 204 1827 Dial.
212 1807 239 1844 9
239 1807 276 1844 p.
287 1810 341 1835 44.

166 1843 197 1876 7)
210 1842 341 1882 Nemlich
353 1847 425 1885 ſeine
439 1848 498 1891 und
503 1849 556 1892 des
575 1848 690 1891 Cæſaris
706 1849 906 1887 Leib⸗guarde.

170 1889 201 1926 8)
214 1890 318 1933 Gewiß
332 1894 386 1939 iſt/
390 1895 437 1932 daß
450 1896 578 1939 dadurch
588 1898 651 1939 eine
661 1897 743 1928 Stat
763 1905 789 1929 in
803 1899 898 1941 Gallia
916 1899 1092 1936 Cis‧Alpina

134 1903 255 1972 bebeutet
263 1945 369 1976 werde/
392 1949 428 1979 ob
447 1951 514 1980 aber
535 1947 642 1984 ſelbige
653 1956 709 1980 von
727 1953 791 1987 dem
809 1951 1003 1987 ſogenannten
1024 1951 1106 1991 Foro

135 1953 222 2011 Lepidi
222 1974 295 2022 oder
306 1982 414 2025 Rhegio
427 1986 521 2025 Lepidi
536 1986 757 2026 unterſchieden/
776 1990 838 2028 oder
867 1993 918 2027 mit
938 1991 1096 2034 demſelben

133 2004 245 2067 einerley
254 2025 418 2069 geweſen/
419 2029 476 2070 das
493 2029 595 2073 moͤgen
615 2033 658 2070 die
673 2030 828 2069 Liebhaber
847 2037 894 2070 der
911 2035 1095 2083 Geographiæ

135 2042 232 2102 Veteris
242 2070 435 2108 unterſuchen/
451 2088 505 2111 zum
520 2072 670 2115 wenigſten
686 2076 741 2117 ſind
754 2077 798 2118 ſie
799 2082 829 2119 in
832 2080 900 2122 dem
920 2080 1001 2116 ltalia
1015 2089 1099 2119 anti-

134 2096 190 2141 qua,
200 2103 254 2153 daß
264 2122 311 2146 der
327 2116 469 2155 Philippus
479 2120 630 2155 Cluverius
641 2120 700 2156 dem
714 2119 899 2160 Theodorico
907 2124 1045 2161 Cluverio
1045 2126 1098 2171 de-

124 2133 236 2192 diciret/
247 2157 370 2199 ziemlich
382 2166 437 2202 von
453 2163 593 2205 einander
612 2163 833 2205 unterſchieden.

168 2199 199 2233 9)
221 2200 242 2233 i.
269 2210 297 2237 e.
331 2205 439 2247 Velites
460 2207 517 2244 levi
533 2208 675 2247 atmatura
689 2209 841 2254 inſtructos
859 2211 916 2258 vid.
929 2211 956 2259 l.
961 2220 992 2263 8.
998 2225 1045 2275 ep.
1048 2226 1105 2263 22.

124 2239 216 2288 not.1.
