<PcGts xmlns="http://schema.primaresearch.org/PAGE/gts/pagecontent/2019-07-15" xmlns:xsi="http://www.w3.org/2001/XMLSchema-instance" pcGtsId="PAGE_01" xsi:schemaLocation="http://schema.primaresearch.org/PAGE/gts/pagecontent/2019-07-15 http://schema.primaresearch.org/PAGE/gts/pagecontent/2019-07-15/pagecontent.xsd">
  <Metadata>
    <Creator>OCR-D DFG Phase III</Creator>
    <Created>2024-01-19T13:10:02Z</Created>
    <LastChange>2024-01-19T13:10:02Z</LastChange>
    <Comments>ODEM: OCR-D extension for mass digitization (2021-2024)</Comments>
  </Metadata>
  <Page imageFilename="MAX/urn+nbn+de+gbv+3+1-762925-p0788-7_lat+ger.png" imageWidth="2889" imageHeight="3132" type="content" secondaryLanguage="German" primaryLanguage="Latin">
    <Border>
      <Coords points="853,287 841,2931 2800,2966 2797,274"/>
    </Border>
    <ReadingOrder>
      <OrderedGroup id="ro_1658304023033" caption="Regions reading order">
        <RegionRefIndexed index="5" regionRef="TextRegion_1658303339679_2821"/>
      </OrderedGroup>
    </ReadingOrder>
    <TextRegion orientation="-0.7383434" readingDirection="left-to-right" id="TextRegion_1658303339679_2821" custom="readingOrder {index:5;}">
      <Coords points="1342,671 2686,671 2694,2662 1350,2662"/>
      <TextLine id="line_1658303339734_2824" custom="readingOrder {index:0;}">
        <Coords points="1342,675 1416,677 1477,671 1538,676 1683,675 1736,678 1772,675 1777,671 1817,676 1822,672 1832,672 1838,678 1856,679 1903,673 1966,674 1981,677 1992,684 2008,686 2134,688 2149,678 2162,679 2167,687 2229,688 2240,678 2252,678 2260,688 2272,683 2283,683 2290,688 2302,680 2312,680 2318,689 2357,693 2487,692 2494,686 2506,686 2512,693 2575,695 2585,686 2596,686 2603,694 2619,694 2626,687 2640,686 2647,694 2686,696 2685,744 2508,745 2490,740 2483,743 2471,742 2463,746 2424,746 2390,741 2350,744 2316,741 2308,746 2298,742 2234,743 2217,740 2213,745 2206,747 2196,746 2193,740 2164,739 2159,745 2151,746 2145,745 2141,739 2128,739 2117,747 2104,747 2095,743 2092,738 2075,735 1856,732 1839,733 1834,739 1825,740 1819,739 1815,733 1779,729 1761,732 1743,727 1597,727 1586,736 1570,736 1560,725 1543,723 1453,727 1435,725 1425,728 1342,726"/>
        <Baseline points="1342,715 2685,733"/>
        <Word id="region0001_line0001_word0000" custom="readingOrder {index:0;}">
          <Coords points="1376,682 1461,683 1460,723 1375,722"/>
          <TextEquiv conf="0.93021494">
            <Unicode>was</Unicode>
          </TextEquiv>
        </Word>
        <Word id="region0001_line0001_word0001" custom="readingOrder {index:1;}">
          <Coords points="1482,682 1548,683 1547,721 1481,720"/>
          <TextEquiv conf="0.90743774">
            <Unicode>den</Unicode>
          </TextEquiv>
        </Word>
        <Word id="region0001_line0001_word0002" custom="readingOrder {index:2;}">
          <Coords points="1754,689 1570,687 1569,733 1589,733 1597,727 1730,727 1743,727 1753,729"/>
          <TextEquiv>
            <Unicode>gemeinen</Unicode>
          </TextEquiv>
        </Word>
        <Word id="region0001_line0001_word0003" custom="readingOrder {index:3;}">
          <Coords points="2027,687 1774,683 1773,729 1779,729 1815,733 1816,735 1836,736 1839,733 1856,732 2026,734"/>
          <TextEquiv>
            <Unicode>Lehns⸗Text</Unicode>
          </TextEquiv>
        </Word>
        <Word id="region0001_line0001_word0004" custom="readingOrder {index:4;}">
          <Coords points="2137,686 2134,688 2046,687 2045,735 2075,735 2092,738 2094,741 2125,741 2128,739 2141,739 2142,741 2162,741 2164,739 2193,740 2194,742 2211,742 2212,688 2167,687 2167,686"/>
          <TextEquiv conf="0.5871065">
            <Unicode>angehet,</Unicode>
          </TextEquiv>
        </Word>
        <Word id="region0001_line0001_word0005" custom="readingOrder {index:5;}">
          <Coords points="2234,686 2233,738 2357,740 2358,693 2357,693 2318,689 2317,687 2292,687 2290,688 2288,687 2264,686 2260,688 2259,686"/>
          <TextEquiv conf="0.92286116">
            <Unicode>ſolcher</Unicode>
          </TextEquiv>
        </Word>
        <Word id="region0001_line0001_word0006" custom="readingOrder {index:6;}">
          <Coords points="2421,692 2375,692 2375,736 2554,738 2554,694 2537,693"/>
          <TextEquiv conf="0.9174876">
            <Unicode>entweder</Unicode>
          </TextEquiv>
        </Word>
        <Word id="region0001_line0001_word0007" custom="readingOrder {index:7;}">
          <Coords points="2605,694 2603,694 2596,686 2585,686 2575,695 2571,694 2571,744 2605,744"/>
          <TextEquiv conf="0.9236281">
            <Unicode>de</Unicode>
          </TextEquiv>
        </Word>
        <Word id="region0001_line0001_word0008" custom="readingOrder {index:8;}">
          <Coords points="2620,699 2682,696 2681,735 2619,738"/>
          <TextEquiv conf="0.9172826">
            <Unicode>le-</Unicode>
          </TextEquiv>
        </Word>
        <TextEquiv>
          <Unicode>was den gemeinen Lehns⸗Text angehet, ſolcher entweder de le-</Unicode>
        </TextEquiv>
      </TextLine>
      <TextLine id="line_1658303339735_2826" custom="readingOrder {index:1;}">
        <Coords points="1342,734 1392,734 1404,726 1416,727 1423,733 1429,733 1435,726 1451,727 1454,733 1526,734 1528,726 1534,724 1549,726 1552,734 1570,737 1630,734 1658,732 1664,728 1719,734 1730,728 1743,728 1752,732 1752,736 1756,738 1770,738 1771,733 1775,731 1787,730 1794,734 1795,740 1825,741 2053,743 2061,737 2075,736 2080,738 2082,744 2104,748 2206,748 2225,746 2227,743 2246,744 2252,747 2307,748 2316,742 2328,743 2331,748 2366,749 2371,744 2380,742 2390,742 2396,748 2420,745 2433,750 2459,751 2467,744 2483,744 2490,741 2504,744 2507,754 2547,751 2594,753 2608,744 2619,745 2625,753 2643,753 2650,746 2668,745 2673,755 2686,755 2685,805 2623,805 2614,812 2601,811 2598,806 2572,805 2561,805 2556,810 2548,812 2538,810 2535,805 2478,804 2474,808 2466,809 2456,803 2445,802 2396,801 2374,805 2372,801 2318,801 2283,799 2276,796 2200,795 2184,800 2173,798 2171,795 2082,795 2074,801 2060,795 1989,794 1982,799 1972,800 1966,799 1963,794 1850,785 1811,786 1806,796 1799,797 1784,790 1782,786 1597,779 1592,786 1578,793 1573,789 1572,781 1477,776 1431,781 1394,790 1342,788"/>
        <Baseline points="1342,773 1458,767 2686,794"/>
        <Word id="region0001_line0002_word0000" custom="readingOrder {index:0;}">
          <Coords points="1395,732 1392,734 1378,734 1378,786 1408,786 1431,781 1477,776 1562,780 1562,736 1558,735 1429,733 1429,733 1423,733 1423,733"/>
          <TextEquiv conf="0.85936815">
            <Unicode>gitimatis</Unicode>
          </TextEquiv>
        </Word>
        <Word id="region0001_line0002_word0001" custom="readingOrder {index:1;}">
          <Coords points="1648,751 1581,750 1581,791 1582,791 1592,786 1597,779 1648,781"/>
          <TextEquiv conf="0.90481013">
            <Unicode>per</Unicode>
          </TextEquiv>
        </Word>
        <Word id="region0001_line0002_word0002" custom="readingOrder {index:2;}">
          <Coords points="1666,736 1666,782 1782,786 1784,790 1790,793 1808,793 1811,786 1850,785 1899,789 1899,742 1825,741 1795,740 1795,738 1770,737 1770,738 1756,738 1754,737"/>
          <TextEquiv conf="0.71878165">
            <Unicode>Reſcriptum</Unicode>
          </TextEquiv>
        </Word>
        <Word id="region0001_line0002_word0003" custom="readingOrder {index:3;}">
          <Coords points="2055,741 2053,743 1918,741 1918,790 1927,791 2189,795 2189,748 2104,748 2082,744 2081,741"/>
          <TextEquiv conf="0.9171724">
            <Unicode>anzunehmen,</Unicode>
          </TextEquiv>
        </Word>
        <Word id="region0001_line0002_word0004" custom="readingOrder {index:4;}">
          <Coords points="2223,746 2208,747 2208,787 2292,788 2292,747 2252,747 2251,746"/>
          <TextEquiv conf="0.8929792">
            <Unicode>oder</Unicode>
          </TextEquiv>
        </Word>
        <Word id="region0001_line0002_word0005" custom="readingOrder {index:5;}">
          <Coords points="2315,745 2315,796 2397,797 2397,747 2396,748 2393,745 2369,745 2366,749 2331,748 2329,745"/>
          <TextEquiv conf="0.93186903">
            <Unicode>doch</Unicode>
          </TextEquiv>
        </Word>
        <Word id="region0001_line0002_word0006" custom="readingOrder {index:6;}">
          <Coords points="2484,744 2483,744 2467,744 2459,751 2433,750 2420,745 2414,746 2414,796 2525,798 2525,753 2507,754 2504,744 2503,744"/>
          <TextEquiv conf="0.9048698">
            <Unicode>dafuͤr</Unicode>
          </TextEquiv>
        </Word>
        <Word id="region0001_line0002_word0007" custom="readingOrder {index:7;}">
          <Coords points="2543,756 2583,757 2582,802 2542,801"/>
          <TextEquiv conf="0.92808706">
            <Unicode>zu</Unicode>
          </TextEquiv>
        </Word>
        <Word id="region0001_line0002_word0008" custom="readingOrder {index:8;}">
          <Coords points="2603,748 2602,801 2679,802 2679,755 2673,755 2669,748 2647,748 2643,753 2625,753 2621,748"/>
          <TextEquiv conf="0.75710267">
            <Unicode>hal⸗</Unicode>
          </TextEquiv>
        </Word>
        <TextEquiv conf="0.8683378">
          <Unicode>gitimatis per Reſcriptum anzunehmen, oder doch dafuͤr zu hal⸗</Unicode>
        </TextEquiv>
      </TextLine>
      <TextLine id="line_1658303339739_2828" custom="readingOrder {index:2;}">
        <Coords points="1342,789 1449,790 1455,780 1470,780 1477,777 1498,780 1505,787 1529,787 1534,783 1543,783 1549,788 1574,791 1578,794 1592,787 1597,780 1603,780 1611,784 1612,793 1628,781 1640,782 1648,786 1658,783 1684,784 1689,792 1695,786 1706,786 1711,795 1724,797 1776,797 1782,790 1799,798 1836,795 1842,789 1850,786 1868,787 1870,796 1877,796 1883,789 1895,789 1902,798 2006,802 2048,801 2053,796 2059,796 2069,802 2114,803 2166,796 2184,801 2200,796 2226,798 2251,804 2257,797 2275,797 2285,800 2289,806 2306,807 2330,807 2335,801 2348,802 2354,808 2373,808 2395,803 2397,808 2426,808 2432,803 2445,803 2450,808 2466,810 2548,813 2565,811 2572,806 2584,807 2588,812 2604,813 2645,811 2650,808 2660,808 2664,811 2685,811 2686,864 2379,860 2352,857 2341,859 2331,853 2321,853 2272,859 2264,866 2253,865 2247,857 2230,857 2224,854 2193,859 2156,854 1777,847 1735,848 1726,855 1716,850 1700,850 1698,846 1673,845 1638,845 1627,850 1615,844 1596,844 1582,849 1576,844 1548,841 1502,845 1497,841 1484,841 1482,845 1467,847 1461,840 1401,839 1387,836 1376,840 1342,838"/>
        <Baseline points="1342,828 2686,853"/>
        <Word id="region0001_line0003_word0000" custom="readingOrder {index:0;}">
          <Coords points="1376,796 1437,797 1437,836 1376,835"/>
          <TextEquiv conf="0.8738477">
            <Unicode>ten</Unicode>
          </TextEquiv>
        </Word>
        <Word id="region0001_line0003_word0001" custom="readingOrder {index:1;}">
          <Coords points="1515,788 1457,787 1456,840 1461,840 1464,843 1483,843 1484,841 1497,841 1500,844 1514,844 1514,844"/>
          <TextEquiv conf="0.7894331">
            <Unicode>iſt,</Unicode>
          </TextEquiv>
        </Word>
        <Word id="region0001_line0003_word0002" custom="readingOrder {index:2;}">
          <Coords points="1535,787 1534,841 1546,841 1548,841 1550,841 1605,842 1606,788 1590,787 1578,794 1574,791 1549,788 1548,787"/>
          <TextEquiv conf="0.9320716">
            <Unicode>daß</Unicode>
          </TextEquiv>
        </Word>
        <Word id="region0001_line0003_word0003" custom="readingOrder {index:3;}">
          <Coords points="1624,790 1623,846 1635,846 1638,845 1673,845 1698,846 1698,847 1746,847 1767,847 1767,797 1724,797 1711,795 1708,791 1690,790 1689,792 1688,790"/>
          <TextEquiv conf="0.9312396">
            <Unicode>ſelbiger</Unicode>
          </TextEquiv>
        </Word>
        <Word id="region0001_line0003_word0004" custom="readingOrder {index:4;}">
          <Coords points="1784,795 1784,840 1821,841 1821,796 1799,798 1793,795"/>
          <TextEquiv conf="0.91146517">
            <Unicode>in</Unicode>
          </TextEquiv>
        </Word>
        <Word id="region0001_line0003_word0005" custom="readingOrder {index:5;}">
          <Coords points="1846,791 1845,840 1979,842 1979,800 1902,798 1897,791 1880,791 1877,796 1870,796 1868,791"/>
          <TextEquiv>
            <Unicode>keinem</Unicode>
          </TextEquiv>
        </Word>
        <Word id="region0001_line0003_word0006" custom="readingOrder {index:6;}">
          <Coords points="2032,801 2006,802 2004,802 2004,842 2145,844 2145,803 2117,803 2114,803 2069,802 2069,802"/>
          <TextEquiv conf="0.89291984">
            <Unicode>andern</Unicode>
          </TextEquiv>
        </Word>
        <Word id="region0001_line0003_word0007" custom="readingOrder {index:7;}">
          <Coords points="2169,797 2169,854 2219,855 2224,854 2226,855 2296,856 2321,853 2331,853 2337,857 2359,857 2359,808 2354,808 2348,802 2335,801 2330,807 2306,807 2289,806 2285,800 2281,799 2256,798 2251,804 2226,798 2224,798 2195,797 2184,801 2170,797"/>
          <TextEquiv conf="0.9214034">
            <Unicode>Verſtand</Unicode>
          </TextEquiv>
        </Word>
        <Word id="region0001_line0003_word0008" custom="readingOrder {index:8;}">
          <Coords points="2389,804 2379,806 2379,847 2416,848 2416,808 2407,808 2397,808 2395,804"/>
          <TextEquiv conf="0.91230905">
            <Unicode>in</Unicode>
          </TextEquiv>
        </Word>
        <Word id="region0001_line0003_word0009" custom="readingOrder {index:9;}">
          <Coords points="2434,804 2434,848 2547,849 2547,812 2466,810 2450,808 2446,804"/>
          <TextEquiv conf="0.91230905">
            <Unicode>denen</Unicode>
          </TextEquiv>
        </Word>
        <Word id="region0001_line0003_word0010" custom="readingOrder {index:10;}">
          <Coords points="2574,808 2574,849 2676,850 2676,811 2664,811 2661,808 2648,808 2645,811 2604,813 2588,812 2584,808"/>
          <TextEquiv conf="0.6933129">
            <Unicode>deut⸗</Unicode>
          </TextEquiv>
        </Word>
        <TextEquiv>
          <Unicode>ten iſt, daß ſelbiger in keinem andern Verſtand in denen deut⸗</Unicode>
        </TextEquiv>
      </TextLine>
      <TextLine id="line_1658303339740_2830" custom="readingOrder {index:3;}">
        <Coords points="1342,843 1372,843 1387,837 1401,840 1418,840 1425,846 1467,848 1477,848 1493,842 1502,846 1525,847 1536,842 1548,842 1558,849 1587,850 1596,845 1604,845 1627,851 1638,846 1654,846 1694,854 1700,854 1702,850 1716,851 1726,856 1754,853 1911,855 2085,860 2138,860 2142,855 2156,855 2162,860 2206,863 2213,856 2224,855 2231,858 2233,863 2264,867 2291,865 2301,856 2331,854 2341,860 2361,860 2364,866 2418,865 2491,868 2513,868 2519,862 2533,862 2539,868 2686,870 2686,921 2610,921 2605,927 2591,927 2587,921 2487,916 2461,918 2442,915 2435,918 2404,918 2381,915 2359,917 2347,925 2338,922 2336,918 2313,917 2309,922 2298,923 2292,917 2282,917 2278,922 2269,923 2260,920 2249,921 2242,914 2195,914 2178,910 2092,912 2073,907 2053,910 2023,906 2007,910 1971,906 1961,909 1932,907 1913,903 1900,907 1874,907 1868,914 1855,916 1844,914 1837,906 1626,901 1551,902 1546,905 1529,906 1527,903 1483,903 1469,897 1449,899 1434,896 1412,905 1406,904 1402,898 1394,898 1388,904 1374,904 1370,898 1342,897"/>
        <Baseline points="1342,885 2686,910"/>
        <Word id="region0001_line0004_word0000" custom="readingOrder {index:0;}">
          <Coords points="1374,847 1373,903 1373,903 1389,903 1394,898 1402,898 1406,903 1416,903 1434,896 1449,899 1469,897 1470,897 1471,848 1467,848 1466,848"/>
          <TextEquiv>
            <Unicode>ſchen</Unicode>
          </TextEquiv>
        </Word>
        <Word id="region0001_line0004_word0001" custom="readingOrder {index:1;}">
          <Coords points="1488,851 1487,903 1527,903 1529,905 1537,906 1546,905 1551,902 1626,901 1766,904 1767,854 1747,854 1726,856 1721,854 1700,853 1700,854 1694,854 1690,853"/>
          <TextEquiv>
            <Unicode>Lehns⸗Curien</Unicode>
          </TextEquiv>
        </Word>
        <Word id="region0001_line0004_word0002" custom="readingOrder {index:2;}">
          <Coords points="2065,865 1794,862 1793,904 1837,906 1840,909 1871,909 1874,907 1900,907 1913,903 1932,907 1961,909 1971,906 2007,910 2023,906 2053,910 2064,908"/>
          <TextEquiv conf="0.76677">
            <Unicode>angenommen</Unicode>
          </TextEquiv>
        </Word>
        <Word id="region0001_line0004_word0003" custom="readingOrder {index:3;}">
          <Coords points="2138,860 2138,860 2090,860 2089,903 2167,904 2168,860 2162,860 2162,860"/>
          <TextEquiv conf="0.9148108">
            <Unicode>und</Unicode>
          </TextEquiv>
        </Word>
        <Word id="region0001_line0004_word0004" custom="readingOrder {index:4;}">
          <Coords points="2220,855 2213,856 2206,863 2194,862 2193,914 2195,914 2242,914 2244,916 2359,917 2359,917 2381,915 2402,918 2419,918 2420,865 2418,865 2364,866 2361,860 2341,860 2336,857 2301,856 2291,865 2264,867 2233,863 2231,858 2225,855"/>
          <TextEquiv conf="0.9137705">
            <Unicode>eingefuͤhret</Unicode>
          </TextEquiv>
        </Word>
        <Word id="region0001_line0004_word0005" custom="readingOrder {index:5;}">
          <Coords points="2515,865 2513,868 2491,868 2441,865 2441,913 2608,915 2608,868 2539,868 2537,866"/>
          <TextEquiv>
            <Unicode>worden,</Unicode>
          </TextEquiv>
        </Word>
        <Word id="region0001_line0004_word0006" custom="readingOrder {index:6;}">
          <Coords points="2626,873 2675,874 2674,908 2625,907"/>
          <TextEquiv conf="0.9191597">
            <Unicode>an</Unicode>
          </TextEquiv>
        </Word>
        <TextEquiv>
          <Unicode>ſchen Lehns⸗Curien angenommen und eingefuͤhret worden, an</Unicode>
        </TextEquiv>
      </TextLine>
      <TextLine id="line_1658303339742_2832" custom="readingOrder {index:4;}">
        <Coords points="1342,904 1412,906 1423,905 1427,899 1434,897 1444,897 1451,902 1469,898 1477,901 1479,905 1497,908 1527,908 1555,903 1561,909 1650,912 1749,913 1759,912 1761,906 1766,904 1777,904 1782,906 1784,913 1855,917 1898,916 1903,907 1921,904 1933,909 1934,917 1958,917 1960,910 1966,907 1988,908 1994,910 1997,916 2010,916 2013,911 2023,907 2046,909 2052,913 2064,908 2073,908 2079,911 2080,916 2112,919 2153,918 2158,912 2178,911 2183,914 2185,919 2213,921 2339,923 2348,926 2359,918 2366,918 2372,923 2381,916 2391,916 2397,919 2399,924 2413,925 2418,921 2430,922 2442,916 2454,916 2463,922 2471,918 2487,917 2504,923 2525,921 2529,924 2564,928 2686,929 2686,986 2670,985 2662,989 2652,989 2638,980 2600,980 2580,981 2569,989 2553,989 2543,980 2514,979 2482,981 2452,979 2445,987 2436,987 2427,978 2210,973 2184,974 2176,980 2166,980 2157,973 2149,972 2081,970 2070,979 2061,979 2053,970 2034,970 2028,978 2017,977 2010,968 1957,964 1662,960 1657,971 1640,972 1635,967 1633,959 1549,957 1540,954 1509,958 1477,957 1464,966 1456,964 1453,958 1398,956 1391,952 1372,955 1342,954"/>
        <Baseline points="1342,943 2686,975"/>
        <Word id="region0001_line0005_word0000" custom="readingOrder {index:0;}">
          <Coords points="1519,909 1374,907 1373,955 1391,952 1398,956 1453,958 1456,964 1457,964 1466,964 1477,957 1509,958 1518,957"/>
          <TextEquiv conf="0.9223909">
            <Unicode>welcher</Unicode>
          </TextEquiv>
        </Word>
        <Word id="region0001_line0005_word0001" custom="readingOrder {index:1;}">
          <Coords points="1536,911 1535,954 1540,954 1549,957 1633,959 1634,966 1659,966 1662,960 1858,962 1858,916 1855,917 1808,914"/>
          <TextEquiv conf="0.90965354">
            <Unicode>Interpretatione</Unicode>
          </TextEquiv>
        </Word>
        <Word id="region0001_line0005_word0002" custom="readingOrder {index:2;}">
          <Coords points="1899,913 1898,916 1874,916 1874,956 1990,957 1991,914 1958,913 1958,917 1934,917 1933,913"/>
          <TextEquiv conf="0.9158638">
            <Unicode>uſuali</Unicode>
          </TextEquiv>
        </Word>
        <Word id="region0001_line0005_word0003" custom="readingOrder {index:3;}">
          <Coords points="2016,914 2015,971 2033,971 2034,970 2053,970 2054,972 2079,972 2080,971 2081,916 2080,916 2080,915"/>
          <TextEquiv conf="0.9232128">
            <Unicode>ſich</Unicode>
          </TextEquiv>
        </Word>
        <Word id="region0001_line0005_word0004" custom="readingOrder {index:4;}">
          <Coords points="2154,917 2153,918 2112,919 2098,918 2097,970 2149,972 2151,972 2185,973 2186,919 2185,919 2185,918"/>
          <TextEquiv conf="0.9232128">
            <Unicode>auch</Unicode>
          </TextEquiv>
        </Word>
        <Word id="region0001_line0005_word0005" custom="readingOrder {index:5;}">
          <Coords points="2204,922 2335,923 2334,967 2203,966"/>
          <TextEquiv conf="0.84981126">
            <Unicode>andere</Unicode>
          </TextEquiv>
        </Word>
        <Word id="region0001_line0005_word0006" custom="readingOrder {index:6;}">
          <Coords points="2356,920 2352,922 2352,976 2525,978 2526,922 2515,921 2504,923 2500,921 2464,921 2463,922 2461,921 2432,920 2430,922 2418,921 2413,925 2399,924 2397,920 2375,920 2372,923 2368,920"/>
          <TextEquiv conf="0.9305873">
            <Unicode>diesfalls</Unicode>
          </TextEquiv>
        </Word>
        <Word id="region0001_line0005_word0007" custom="readingOrder {index:7;}">
          <Coords points="2549,930 2672,932 2671,979 2548,977"/>
          <TextEquiv conf="0.9312504">
            <Unicode>genug</Unicode>
          </TextEquiv>
        </Word>
        <TextEquiv conf="0.9132478">
          <Unicode>welcher Interpretatione uſuali ſich auch andere diesfalls genug</Unicode>
        </TextEquiv>
      </TextLine>
      <TextLine id="line_1658303339743_2834" custom="readingOrder {index:5;}">
        <Coords points="1342,960 1366,961 1370,956 1384,953 1397,956 1399,963 1412,965 1464,967 1477,958 1485,959 1489,966 1505,967 1511,958 1540,955 1549,958 1551,968 1627,970 1641,979 1641,1014 1600,1023 1538,1019 1535,1024 1515,1027 1506,1026 1503,1019 1423,1018 1413,1025 1401,1024 1396,1017 1388,1017 1379,1024 1371,1024 1366,1018 1342,1017"/>
        <Baseline points="1342,1007 1641,1011"/>
        <Word id="region0001_line0006_word0000" custom="readingOrder {index:0;}">
          <Coords points="1454,968 1371,967 1370,1022 1371,1024 1379,1024 1388,1017 1396,1017 1401,1024 1406,1024 1413,1024 1423,1018 1453,1018"/>
          <TextEquiv conf="0.9314662">
            <Unicode>ſeyn</Unicode>
          </TextEquiv>
        </Word>
        <Word id="region0001_line0006_word0001" custom="readingOrder {index:1;}">
          <Coords points="1600,970 1471,968 1470,1018 1503,1019 1505,1025 1522,1025 1535,1024 1538,1019 1599,1022"/>
          <TextEquiv conf="0.6545149">
            <Unicode>laſſen,</Unicode>
          </TextEquiv>
        </Word>
        <TextEquiv conf="0.79299057">
          <Unicode>ſeyn laſſen,</Unicode>
        </TextEquiv>
      </TextLine>
      <TextLine id="region0001_line0007" custom="readingOrder {index:6;}">
        <Coords points="1656,1015 1650,1018 1640,1016 1618,1020 1611,1025 1560,1022 1551,1025 1520,1026 1482,1033 1476,1038 1476,1067 1482,1074 1589,1073 1591,1082 1597,1085 1618,1079 1621,1074 1927,1077 1972,1084 2045,1081 2188,1085 2221,1088 2223,1094 2231,1097 2249,1088 2287,1089 2292,1094 2302,1094 2309,1089 2324,1089 2330,1094 2340,1095 2347,1089 2371,1087 2395,1078 2433,1078 2438,1073 2438,1046 2433,1041 2284,1042 2245,1037 2185,1040 2183,1032 2180,1029 2164,1029 2159,1040 2075,1036 2056,1028 1947,1026 1930,1028 1907,1024 1842,1023 1806,1030 1804,1022 1798,1018 1784,1018 1777,1031 1690,1031 1683,1019 1670,1020 1665,1015"/>
        <Baseline points="1476,1062 2314,1079 2438,1069"/>
        <Word id="region0001_line0007_word0000" custom="readingOrder {index:0;} textStyle {offset:0; length:9;italic:true; fontSize:0.0; kerning:0;}">
          <Coords points="1615,1022 1611,1025 1560,1022 1551,1025 1547,1025 1547,1073 1589,1073 1590,1077 1618,1078 1621,1074 1727,1075 1727,1031 1690,1031 1685,1023"/>
          <TextEquiv conf="0.7023272">
            <Unicode>Bitſchius</Unicode>
          </TextEquiv>
        </Word>
        <Word id="region0001_line0007_word0001" custom="readingOrder {index:1;} textStyle {offset:0; length:2;italic:true; fontSize:0.0; kerning:0;}">
          <Coords points="1743,1065 1797,1066 1798,1025 1780,1024 1777,1031 1743,1031"/>
          <TextEquiv conf="0.91920745">
            <Unicode>ad</Unicode>
          </TextEquiv>
        </Word>
        <Word id="region0001_line0007_word0002" custom="readingOrder {index:2;} textStyle {offset:0; length:2;italic:true; fontSize:0.0; kerning:0;}">
          <Coords points="1807,1039 1838,1039 1838,1065 1807,1065"/>
          <TextEquiv conf="0.8659165">
            <Unicode>2.</Unicode>
          </TextEquiv>
        </Word>
        <Word id="region0001_line0007_word0003" custom="readingOrder {index:3;} textStyle {offset:0; length:2;italic:true; fontSize:0.0; kerning:0;}">
          <Coords points="1857,1031 1892,1032 1892,1067 1857,1066"/>
          <TextEquiv conf="0.8974086">
            <Unicode>F.</Unicode>
          </TextEquiv>
        </Word>
        <Word id="region0001_line0007_word0004" custom="readingOrder {index:4;} textStyle {offset:0; length:5;italic:true; fontSize:0.0; kerning:0;}">
          <Coords points="1911,1032 2001,1033 2001,1074 1911,1073"/>
          <TextEquiv>
            <Unicode>26.§.</Unicode>
          </TextEquiv>
        </Word>
        <Word id="region0001_line0007_word0005" custom="readingOrder {index:5;} textStyle {offset:0; length:10;italic:true; fontSize:0.0; kerning:0;}">
          <Coords points="2014,1029 2014,1068 2218,1071 2218,1038 2185,1040 2183,1032 2182,1031 2163,1031 2159,1040 2075,1036 2060,1030"/>
          <TextEquiv conf="0.8332072">
            <Unicode>Naturales.</Unicode>
          </TextEquiv>
        </Word>
        <Word id="region0001_line0007_word0006" custom="readingOrder {index:6;} textStyle {offset:0; length:2;italic:true; fontSize:0.0; kerning:0;}">
          <Coords points="2231,1038 2231,1082 2268,1083 2268,1039 2258,1038"/>
          <TextEquiv conf="0.72648317">
            <Unicode>p.</Unicode>
          </TextEquiv>
        </Word>
        <Word id="region0001_line0007_word0007" custom="readingOrder {index:7;} textStyle {offset:0; length:4;italic:true; fontSize:0.0; kerning:0;}">
          <Coords points="2285,1043 2369,1044 2369,1079 2285,1078"/>
          <TextEquiv>
            <Unicode>427.</Unicode>
          </TextEquiv>
        </Word>
        <TextEquiv>
          <Unicode>Bitſchius ad 2. F. 26.§. Naturales. p. 427.</Unicode>
        </TextEquiv>
      </TextLine>
      <TextLine id="region0001_line0008" custom="readingOrder {index:7;}">
        <Coords points="1782,1077 1776,1082 1744,1080 1697,1087 1691,1087 1683,1078 1675,1078 1667,1089 1621,1087 1619,1080 1597,1086 1585,1079 1470,1075 1465,1080 1464,1115 1478,1129 1777,1134 1798,1136 1801,1145 1821,1143 1826,1147 1835,1144 1840,1137 1857,1135 1899,1136 1903,1146 1924,1148 1936,1144 1940,1133 2008,1134 2042,1140 2156,1141 2166,1149 2175,1148 2183,1144 2254,1143 2285,1151 2291,1145 2362,1143 2381,1150 2400,1145 2463,1146 2543,1142 2548,1137 2549,1104 2544,1099 2461,1097 2423,1088 2383,1089 2377,1093 2375,1099 2371,1088 2362,1087 2351,1090 2348,1098 2262,1097 2252,1095 2248,1091 2231,1098 2225,1095 2139,1097 2135,1095 2135,1087 2130,1083 2119,1083 2099,1088 2071,1087 2024,1093 1904,1090 1898,1083 1889,1083 1882,1090 1833,1090 1809,1089 1802,1079"/>
        <Baseline points="1468,1119 2269,1134 2548,1131"/>
        <Word id="region0001_line0008_word0000" custom="readingOrder {index:0;} textStyle {offset:0; length:5;italic:true; fontSize:0.0; kerning:0;}">
          <Coords points="1540,1087 1653,1089 1652,1126 1539,1124"/>
          <TextEquiv conf="0.8898683">
            <Unicode>Meier</Unicode>
          </TextEquiv>
        </Word>
        <Word id="region0001_line0008_word0001" custom="readingOrder {index:1;} textStyle {offset:0; length:2;italic:true; fontSize:0.0; kerning:0;}">
          <Coords points="1669,1088 1708,1088 1707,1125 1668,1125"/>
          <TextEquiv conf="0.924658">
            <Unicode>in</Unicode>
          </TextEquiv>
        </Word>
        <Word id="region0001_line0008_word0002" custom="readingOrder {index:2;} textStyle {offset:0; length:7;italic:true; fontSize:0.0; kerning:0;}">
          <Coords points="1726,1086 1725,1133 1777,1134 1798,1136 1799,1140 1837,1140 1840,1137 1845,1136 1845,1090 1833,1090 1809,1089 1807,1086"/>
          <TextEquiv conf="0.89384407">
            <Unicode>Colleg.</Unicode>
          </TextEquiv>
        </Word>
        <Word id="region0001_line0008_word0003" custom="readingOrder {index:3;} textStyle {offset:0; length:9;italic:true; fontSize:0.0; kerning:0;}">
          <Coords points="1864,1090 1863,1135 1899,1136 1900,1140 1937,1141 1940,1133 2008,1134 2042,1140 2045,1140 2046,1093 2026,1092 2024,1093 1981,1091"/>
          <TextEquiv>
            <Unicode>Argentor.</Unicode>
          </TextEquiv>
        </Word>
        <Word id="region0001_line0008_word0004" custom="readingOrder {index:4;} textStyle {offset:0; length:4;italic:true; fontSize:0.0; kerning:0;}">
          <Coords points="2066,1088 2065,1130 2138,1131 2138,1096 2135,1095 2135,1088"/>
          <TextEquiv conf="0.859393">
            <Unicode>Lib.</Unicode>
          </TextEquiv>
        </Word>
        <Word id="region0001_line0008_word0005" custom="readingOrder {index:5;} textStyle {offset:0; length:3;italic:true; fontSize:0.0; kerning:0;}">
          <Coords points="2151,1103 2198,1104 2197,1140 2150,1139"/>
          <TextEquiv>
            <Unicode>25.</Unicode>
          </TextEquiv>
        </Word>
        <Word id="region0001_line0008_word0006" custom="readingOrder {index:6;} textStyle {offset:0; length:6;italic:true; fontSize:0.0; kerning:0;}">
          <Coords points="2221,1095 2212,1095 2212,1140 2312,1141 2312,1097 2262,1097 2254,1095 2237,1095 2231,1098 2225,1095"/>
          <TextEquiv conf="0.79063606">
            <Unicode>tit.7.</Unicode>
          </TextEquiv>
        </Word>
        <Word id="region0001_line0008_word0007" custom="readingOrder {index:7;} textStyle {offset:0; length:5;italic:true; fontSize:0.0; kerning:0;}">
          <Coords points="2350,1092 2348,1098 2329,1097 2329,1143 2362,1143 2369,1145 2394,1146 2400,1145 2423,1145 2424,1094 2377,1093 2375,1099 2372,1092"/>
          <TextEquiv conf="0.70955676">
            <Unicode>theſ.</Unicode>
          </TextEquiv>
        </Word>
        <Word id="region0001_line0008_word0008" custom="readingOrder {index:8;} textStyle {offset:0; length:3;italic:true; fontSize:0.0; kerning:0;}">
          <Coords points="2439,1106 2479,1106 2478,1137 2438,1137"/>
          <TextEquiv>
            <Unicode>II.</Unicode>
          </TextEquiv>
        </Word>
        <TextEquiv>
          <Unicode>Meier in Colleg. Argentor. Lib. 25. tit.7. theſ. II.</Unicode>
        </TextEquiv>
      </TextLine>
      <TextLine id="line_1658303339745_2836" custom="readingOrder {index:8;}">
        <Coords points="1342,1138 1497,1140 1507,1139 1511,1133 1523,1130 1536,1132 1538,1136 1546,1132 1557,1132 1564,1140 1587,1142 1636,1136 1644,1132 1667,1132 1698,1142 1747,1145 1761,1135 1770,1135 1776,1139 1778,1145 1800,1147 1821,1144 1826,1148 1846,1146 1848,1138 1857,1136 1867,1137 1871,1145 1879,1147 1911,1149 1924,1149 1941,1144 1962,1145 1969,1138 1977,1138 1985,1145 2050,1150 2061,1150 2066,1141 2085,1141 2091,1151 2133,1153 2141,1143 2156,1142 2169,1154 2357,1157 2360,1150 2367,1145 2381,1151 2400,1147 2403,1156 2460,1153 2469,1146 2478,1146 2485,1153 2495,1146 2504,1146 2512,1153 2531,1149 2581,1150 2611,1158 2686,1161 2685,1207 2452,1208 2441,1215 2436,1215 2429,1208 2407,1203 2390,1207 2386,1214 2372,1208 2361,1214 2355,1207 2349,1206 2228,1205 2223,1201 2212,1200 2205,1202 2197,1212 2185,1213 2174,1209 2168,1203 2157,1201 2146,1205 2125,1202 2115,1209 2097,1209 2090,1206 2087,1201 2074,1200 2032,1201 2026,1206 2013,1205 2009,1200 1985,1196 1945,1195 1930,1202 1925,1195 1919,1194 1904,1198 1829,1199 1825,1204 1814,1206 1806,1204 1803,1199 1776,1198 1770,1203 1762,1204 1756,1203 1752,1197 1660,1193 1645,1196 1626,1189 1613,1190 1606,1194 1566,1194 1559,1200 1548,1199 1540,1191 1462,1192 1428,1188 1383,1192 1342,1190"/>
        <Baseline points="1342,1180 2685,1196"/>
        <Word id="region0001_line0009_word0000" custom="readingOrder {index:0;}">
          <Coords points="1369,1148 1443,1149 1442,1187 1368,1186"/>
          <TextEquiv conf="0.9277832">
            <Unicode>von</Unicode>
          </TextEquiv>
        </Word>
        <Word id="region0001_line0009_word0001" custom="readingOrder {index:1;}">
          <Coords points="1501,1139 1497,1140 1460,1139 1460,1191 1462,1192 1540,1191 1544,1195 1564,1195 1566,1194 1606,1194 1612,1190 1613,1141 1596,1140 1587,1142 1568,1140"/>
          <TextEquiv conf="0.92833537">
            <Unicode>welchen</Unicode>
          </TextEquiv>
        </Word>
        <Word id="region0001_line0009_word0002" custom="readingOrder {index:2;}">
          <Coords points="1631,1142 1630,1191 1645,1196 1660,1193 1752,1197 1754,1200 1774,1200 1776,1198 1803,1199 1804,1200 1828,1201 1829,1199 1904,1198 1919,1194 1925,1195 1930,1202 1930,1202 1944,1195 1945,1146 1935,1146 1924,1149 1911,1149 1879,1147 1871,1145 1846,1145 1846,1146 1826,1148 1822,1144 1818,1144 1800,1147 1778,1145 1778,1144 1749,1144 1747,1145 1716,1143"/>
          <TextEquiv conf="0.9191555">
            <Unicode>Gewohnheiten,</Unicode>
          </TextEquiv>
        </Word>
        <Word id="region0001_line0009_word0003" custom="readingOrder {index:3;}">
          <Coords points="2028,1199 2029,1149 1969,1148 1968,1195 1985,1196 2000,1198"/>
          <TextEquiv conf="0.8369135">
            <Unicode>da,</Unicode>
          </TextEquiv>
        </Word>
        <Word id="region0001_line0009_word0004" custom="readingOrder {index:4;}">
          <Coords points="2063,1146 2061,1150 2050,1150 2048,1150 2047,1201 2074,1200 2087,1201 2089,1204 2121,1205 2125,1202 2146,1205 2146,1205 2157,1201 2168,1203 2170,1205 2202,1206 2205,1202 2212,1200 2223,1201 2228,1205 2253,1205 2254,1155 2169,1154 2162,1147 2138,1147 2133,1153 2091,1151 2088,1146"/>
          <TextEquiv conf="0.92720145">
            <Unicode>obgeſagter</Unicode>
          </TextEquiv>
        </Word>
        <Word id="region0001_line0009_word0005" custom="readingOrder {index:5;}">
          <Coords points="2360,1151 2357,1157 2273,1156 2272,1205 2349,1206 2355,1207 2390,1207 2390,1207 2407,1203 2428,1208 2450,1208 2451,1153 2403,1156 2401,1151"/>
          <TextEquiv conf="0.8448086">
            <Unicode>maaſſen,</Unicode>
          </TextEquiv>
        </Word>
        <Word id="region0001_line0009_word0006" custom="readingOrder {index:6;}">
          <Coords points="2467,1155 2522,1156 2521,1202 2466,1201"/>
          <TextEquiv>
            <Unicode>die</Unicode>
          </TextEquiv>
        </Word>
        <Word id="region0001_line0009_word0007" custom="readingOrder {index:7;}">
          <Coords points="2540,1159 2663,1161 2662,1199 2539,1197"/>
          <TextEquiv conf="0.8417147">
            <Unicode>Cano-</Unicode>
          </TextEquiv>
        </Word>
        <TextEquiv>
          <Unicode>von welchen Gewohnheiten, da, obgeſagter maaſſen, die Cano-</Unicode>
        </TextEquiv>
      </TextLine>
      <TextLine id="line_1658303339747_2838" custom="readingOrder {index:9;}">
        <Coords points="1342,1198 1393,1198 1399,1190 1416,1193 1428,1189 1443,1191 1446,1198 1520,1200 1529,1192 1540,1192 1548,1200 1605,1200 1607,1194 1618,1190 1633,1192 1637,1201 1660,1194 1675,1197 1692,1194 1697,1197 1698,1202 1733,1204 1737,1201 1747,1201 1762,1205 1814,1207 1898,1205 1902,1199 1919,1195 1925,1196 1930,1203 1945,1196 1963,1197 1970,1201 1975,1197 1985,1197 1993,1201 1994,1206 2047,1207 2054,1203 2062,1203 2067,1207 2091,1207 2097,1210 2111,1211 2132,1203 2146,1206 2157,1202 2168,1204 2174,1210 2185,1214 2197,1213 2205,1203 2212,1201 2225,1203 2231,1213 2339,1212 2362,1215 2374,1209 2392,1215 2395,1208 2407,1204 2422,1207 2426,1215 2436,1216 2450,1211 2457,1214 2486,1214 2540,1212 2546,1207 2558,1207 2562,1211 2579,1212 2583,1208 2598,1208 2602,1213 2685,1216 2685,1268 2542,1266 2508,1262 2491,1267 2474,1266 2471,1270 2462,1272 2454,1270 2451,1266 2434,1266 2419,1262 2413,1263 2407,1270 2401,1271 2393,1269 2391,1264 2338,1263 2331,1259 2318,1262 2258,1263 2254,1268 2239,1263 2184,1259 2170,1258 2157,1262 2124,1258 2074,1258 2054,1264 2047,1264 2042,1259 2015,1258 2004,1264 1987,1264 1980,1257 1957,1257 1919,1258 1912,1263 1889,1259 1882,1263 1871,1256 1861,1257 1844,1254 1826,1256 1816,1263 1802,1264 1794,1262 1786,1253 1753,1256 1747,1260 1731,1259 1726,1253 1717,1252 1708,1259 1690,1259 1682,1254 1675,1254 1659,1259 1653,1257 1649,1252 1550,1250 1542,1246 1488,1250 1442,1246 1342,1244"/>
        <Baseline points="1342,1234 2685,1257"/>
        <Word id="region0001_line0010_word0000" custom="readingOrder {index:0;}">
          <Coords points="1369,1199 1490,1201 1490,1246 1369,1244"/>
          <TextEquiv conf="0.885749">
            <Unicode>niſten</Unicode>
          </TextEquiv>
        </Word>
        <Word id="region0001_line0010_word0001" custom="readingOrder {index:1;}">
          <Coords points="1524,1196 1520,1200 1508,1199 1508,1248 1542,1246 1550,1250 1649,1252 1652,1256 1667,1256 1675,1254 1682,1254 1686,1256 1710,1256 1714,1254 1714,1202 1698,1202 1697,1198 1646,1198 1637,1201 1635,1197 1605,1197 1605,1200 1548,1200 1544,1196"/>
          <TextEquiv conf="0.92507166">
            <Unicode>einmuͤthig</Unicode>
          </TextEquiv>
        </Word>
        <Word id="region0001_line0010_word0002" custom="readingOrder {index:2;}">
          <Coords points="1887,1259 1887,1213 1734,1211 1734,1257 1751,1257 1753,1256 1786,1253 1790,1257 1822,1258 1826,1256 1844,1254 1861,1257 1871,1256 1875,1258"/>
          <TextEquiv conf="0.92784935">
            <Unicode>zeugen,</Unicode>
          </TextEquiv>
        </Word>
        <Word id="region0001_line0010_word0003" custom="readingOrder {index:3;}">
          <Coords points="1903,1203 1903,1259 1917,1259 1919,1258 1957,1257 1980,1257 1983,1260 2010,1260 2015,1258 2029,1258 2029,1206 1994,1206 1993,1204"/>
          <TextEquiv conf="0.921893">
            <Unicode>ſelbige</Unicode>
          </TextEquiv>
        </Word>
        <Word id="region0001_line0010_word0004" custom="readingOrder {index:4;}">
          <Coords points="2110,1215 2049,1214 2049,1258 2072,1258 2074,1258 2110,1258"/>
          <TextEquiv conf="0.92270476">
            <Unicode>zur</Unicode>
          </TextEquiv>
        </Word>
        <Word id="region0001_line0010_word0005" custom="readingOrder {index:5;}">
          <Coords points="2128,1205 2127,1258 2157,1262 2170,1258 2184,1259 2239,1263 2243,1264 2256,1264 2258,1263 2271,1262 2271,1212 2231,1213 2227,1206 2202,1206 2197,1213 2185,1214 2174,1210 2169,1205 2147,1205 2146,1206 2142,1205"/>
          <TextEquiv conf="0.9247363">
            <Unicode>Gnuͤge</Unicode>
          </TextEquiv>
        </Word>
        <Word id="region0001_line0010_word0006" custom="readingOrder {index:6;}">
          <Coords points="2372,1210 2362,1215 2339,1212 2292,1212 2291,1262 2318,1262 2331,1259 2338,1263 2391,1264 2391,1264 2412,1264 2413,1263 2419,1262 2428,1265 2472,1265 2473,1214 2457,1214 2450,1211 2436,1216 2426,1215 2424,1210 2394,1210 2392,1215 2377,1210"/>
          <TextEquiv conf="0.92989">
            <Unicode>erwieſen,</Unicode>
          </TextEquiv>
        </Word>
        <Word id="region0001_line0010_word0007" custom="readingOrder {index:7;}">
          <Coords points="2492,1216 2568,1217 2568,1260 2492,1259"/>
          <TextEquiv conf="0.93103117">
            <Unicode>und</Unicode>
          </TextEquiv>
        </Word>
        <Word id="region0001_line0010_word0008" custom="readingOrder {index:8;}">
          <Coords points="2585,1217 2668,1218 2668,1262 2585,1261"/>
          <TextEquiv>
            <Unicode>dar⸗</Unicode>
          </TextEquiv>
        </Word>
        <TextEquiv>
          <Unicode>niſten einmuͤthig zeugen, ſelbige zur Gnuͤge erwieſen, und dar⸗</Unicode>
        </TextEquiv>
      </TextLine>
      <TextLine id="line_1658303339753_2840" custom="readingOrder {index:10;}">
        <Coords points="1342,1256 1422,1255 1426,1250 1435,1247 1450,1249 1452,1255 1517,1256 1521,1250 1530,1247 1546,1248 1551,1256 1629,1257 1635,1252 1649,1253 1653,1258 1659,1260 1708,1260 1717,1253 1723,1253 1729,1256 1730,1261 1764,1261 1772,1254 1786,1254 1790,1256 1790,1263 1802,1265 1830,1263 1835,1257 1844,1255 1861,1258 1871,1257 1882,1264 1900,1265 2054,1265 2062,1262 2075,1265 2120,1266 2127,1260 2141,1261 2145,1266 2163,1266 2167,1260 2184,1260 2189,1267 2219,1268 2222,1263 2227,1263 2246,1265 2254,1269 2287,1270 2313,1269 2315,1263 2331,1260 2337,1263 2341,1270 2403,1272 2409,1269 2412,1264 2426,1263 2432,1266 2433,1271 2462,1273 2493,1272 2500,1265 2519,1263 2526,1267 2528,1273 2536,1274 2685,1274 2686,1322 2606,1322 2603,1330 2595,1331 2580,1329 2577,1322 2540,1319 2173,1313 2041,1315 2032,1322 2020,1320 2017,1315 1977,1315 1973,1321 1962,1324 1946,1322 1941,1314 1934,1314 1928,1321 1909,1323 1903,1321 1897,1313 1858,1310 1846,1313 1832,1309 1813,1313 1804,1321 1790,1322 1782,1319 1776,1312 1724,1312 1718,1319 1711,1319 1705,1318 1701,1311 1689,1310 1626,1310 1619,1317 1610,1317 1603,1310 1578,1306 1566,1316 1558,1318 1550,1314 1548,1307 1539,1307 1535,1315 1527,1316 1517,1307 1478,1306 1451,1308 1443,1316 1433,1316 1426,1309 1421,1309 1396,1311 1386,1316 1369,1316 1342,1315"/>
        <Baseline points="1342,1299 1499,1296 2686,1311"/>
        <Word id="region0001_line0011_word0000" custom="readingOrder {index:0;}">
          <Coords points="1506,1257 1395,1255 1366,1255 1366,1309 1412,1309 1421,1309 1426,1309 1426,1309 1448,1310 1451,1308 1478,1306 1505,1306"/>
          <TextEquiv conf="0.9248638">
            <Unicode>gethan</Unicode>
          </TextEquiv>
        </Word>
        <Word id="region0001_line0011_word0001" custom="readingOrder {index:1;}">
          <Coords points="1524,1254 1523,1311 1536,1311 1539,1307 1548,1307 1549,1311 1571,1311 1578,1306 1603,1310 1604,1311 1624,1312 1624,1256 1551,1256 1549,1254"/>
          <TextEquiv conf="0.8159494">
            <Unicode>ſeyn,</Unicode>
          </TextEquiv>
        </Word>
        <Word id="region0001_line0011_word0002" custom="readingOrder {index:2;}">
          <Coords points="1639,1258 1638,1310 1689,1310 1701,1311 1702,1313 1722,1313 1724,1312 1776,1312 1778,1314 1810,1314 1813,1313 1826,1310 1826,1263 1802,1265 1790,1263 1790,1259 1765,1259 1764,1261 1730,1261 1729,1258 1709,1258 1708,1260 1659,1260 1653,1258"/>
          <TextEquiv conf="0.53731775">
            <Unicode>dasjenige</Unicode>
          </TextEquiv>
        </Word>
        <Word id="region0001_line0011_word0003" custom="readingOrder {index:3;}">
          <Coords points="1840,1261 1840,1311 1846,1313 1858,1310 1897,1313 1899,1315 1931,1316 1934,1314 1941,1314 1942,1316 1975,1317 1977,1315 2017,1315 2018,1317 2037,1317 2039,1316 2039,1265 1900,1265 1882,1264 1878,1261"/>
          <TextEquiv conf="0.5273474">
            <Unicode>hingegen,</Unicode>
          </TextEquiv>
        </Word>
        <Word id="region0001_line0011_word0004" custom="readingOrder {index:4;}">
          <Coords points="2055,1270 2139,1271 2139,1309 2055,1308"/>
          <TextEquiv conf="0.9317491">
            <Unicode>was</Unicode>
          </TextEquiv>
        </Word>
        <Word id="region0001_line0011_word0005" custom="readingOrder {index:5;}">
          <Coords points="2158,1267 2207,1268 2207,1309 2158,1308"/>
          <TextEquiv conf="0.9293576">
            <Unicode>de</Unicode>
          </TextEquiv>
        </Word>
        <Word id="region0001_line0011_word0006" custom="readingOrder {index:6;}">
          <Coords points="2225,1267 2225,1307 2358,1309 2358,1271 2341,1270 2340,1269 2313,1268 2313,1269 2287,1270 2254,1269 2251,1267"/>
          <TextEquiv conf="0.906099">
            <Unicode>fraude</Unicode>
          </TextEquiv>
        </Word>
        <Word id="region0001_line0011_word0007" custom="readingOrder {index:7;}">
          <Coords points="2409,1267 2409,1269 2403,1272 2381,1271 2381,1309 2553,1311 2553,1274 2536,1274 2528,1273 2526,1268 2496,1268 2493,1272 2462,1273 2433,1271 2432,1267"/>
          <TextEquiv conf="0.906099">
            <Unicode>adverſus</Unicode>
          </TextEquiv>
        </Word>
        <Word id="region0001_line0011_word0008" custom="readingOrder {index:8;}">
          <Coords points="2669,1285 2565,1283 2565,1321 2577,1322 2577,1323 2605,1323 2606,1322 2669,1322"/>
          <TextEquiv conf="0.92735845">
            <Unicode>aper-</Unicode>
          </TextEquiv>
        </Word>
        <TextEquiv conf="0.8229046">
          <Unicode>gethan ſeyn, dasjenige hingegen, was de fraude adverſus aper-</Unicode>
        </TextEquiv>
      </TextLine>
      <TextLine id="line_1658303339754_2842" custom="readingOrder {index:11;}">
        <Coords points="1342,1315 1449,1318 1480,1317 1489,1308 1517,1308 1527,1317 1558,1319 1572,1318 1573,1310 1578,1307 1597,1310 1598,1318 1771,1319 1790,1323 1816,1320 1819,1314 1832,1310 1846,1314 1858,1311 1866,1315 1880,1313 1887,1321 1909,1324 1934,1320 1956,1325 1972,1322 2032,1323 2041,1316 2051,1316 2059,1321 2143,1323 2155,1315 2167,1315 2172,1320 2180,1315 2191,1316 2196,1325 2200,1325 2212,1315 2224,1316 2228,1325 2278,1324 2284,1318 2292,1318 2299,1324 2332,1325 2337,1322 2350,1323 2359,1317 2370,1318 2375,1326 2394,1326 2407,1317 2431,1318 2437,1328 2499,1330 2521,1329 2531,1320 2543,1321 2546,1325 2555,1321 2568,1322 2574,1329 2595,1332 2686,1332 2686,1385 2644,1384 2642,1389 2631,1383 2613,1386 2607,1379 2601,1379 2588,1383 2575,1382 2568,1389 2557,1388 2550,1381 2441,1379 2429,1376 2420,1380 2396,1377 2389,1380 2374,1380 2364,1387 2349,1385 2347,1380 2272,1376 2228,1378 2220,1384 2211,1384 2205,1378 2172,1378 2162,1385 2152,1385 2146,1378 2131,1378 2125,1385 2115,1385 2109,1377 2073,1374 2065,1371 1963,1373 1898,1370 1865,1375 1863,1371 1844,1368 1836,1370 1829,1378 1820,1377 1816,1372 1805,1372 1801,1377 1785,1378 1773,1374 1770,1370 1732,1370 1726,1366 1383,1362 1342,1360"/>
        <Baseline points="1342,1348 2686,1374"/>
        <Word id="region0001_line0012_word0000" custom="readingOrder {index:0;}">
          <Coords points="1368,1327 1471,1328 1470,1356 1367,1355"/>
          <TextEquiv conf="0.9213336">
            <Unicode>turas</Unicode>
          </TextEquiv>
        </Word>
        <Word id="region0001_line0012_word0001" custom="readingOrder {index:1;}">
          <Coords points="1491,1317 1490,1359 1708,1361 1709,1319 1603,1318 1598,1318 1598,1318 1572,1318 1572,1318 1558,1319 1533,1317"/>
          <TextEquiv conf="0.9061429">
            <Unicode>Feudorum</Unicode>
          </TextEquiv>
        </Word>
        <Word id="region0001_line0012_word0002" custom="readingOrder {index:2;}">
          <Coords points="1818,1317 1816,1320 1790,1323 1771,1319 1726,1319 1725,1366 1726,1366 1732,1370 1770,1370 1773,1374 1777,1375 1802,1376 1805,1372 1816,1372 1819,1376 1831,1376 1836,1370 1844,1368 1863,1371 1865,1375 1898,1370 1943,1372 1944,1322 1934,1320 1909,1324 1887,1321 1884,1317"/>
          <TextEquiv conf="0.9244404">
            <Unicode>angefuͤhret</Unicode>
          </TextEquiv>
        </Word>
        <Word id="region0001_line0012_word0003" custom="readingOrder {index:3;}">
          <Coords points="2130,1379 2131,1327 1962,1325 1961,1372 1963,1373 2065,1371 2073,1374 2109,1377 2110,1378"/>
          <TextEquiv conf="0.9250451">
            <Unicode>worden,</Unicode>
          </TextEquiv>
        </Word>
        <Word id="region0001_line0012_word0004" custom="readingOrder {index:4;}">
          <Coords points="2267,1327 2152,1325 2151,1380 2168,1380 2172,1378 2205,1378 2207,1380 2223,1381 2228,1378 2266,1376"/>
          <TextEquiv conf="0.930763">
            <Unicode>hieher</Unicode>
          </TextEquiv>
        </Word>
        <Word id="region0001_line0012_word0005" custom="readingOrder {index:5;}">
          <Coords points="2286,1327 2285,1376 2347,1380 2347,1381 2371,1381 2374,1380 2389,1380 2396,1377 2420,1380 2429,1376 2441,1379 2483,1379 2483,1329 2460,1328"/>
          <TextEquiv conf="0.9211183">
            <Unicode>deshalben</Unicode>
          </TextEquiv>
        </Word>
        <Word id="region0001_line0012_word0006" custom="readingOrder {index:6;}">
          <Coords points="2500,1330 2499,1380 2550,1381 2552,1383 2574,1383 2575,1382 2587,1383 2588,1383 2593,1381 2594,1332 2588,1331"/>
          <TextEquiv conf="0.7566568">
            <Unicode>nicht</Unicode>
          </TextEquiv>
        </Word>
        <Word id="region0001_line0012_word0007" custom="readingOrder {index:7;}">
          <Coords points="2669,1341 2612,1340 2611,1384 2611,1384 2624,1384 2631,1383 2634,1384 2644,1385 2644,1384 2668,1385"/>
          <TextEquiv conf="0.7078914">
            <Unicode>ge⸗</Unicode>
          </TextEquiv>
        </Word>
        <TextEquiv conf="0.87417394">
          <Unicode>turas Feudorum angefuͤhret worden, hieher deshalben nicht ge⸗</Unicode>
        </TextEquiv>
      </TextLine>
      <TextLine id="line_1658303339756_2844" custom="readingOrder {index:12;}">
        <Coords points="1342,1364 1362,1365 1368,1362 1382,1362 1388,1368 1397,1361 1415,1364 1418,1372 1452,1371 1457,1367 1466,1367 1470,1370 1512,1371 1531,1365 1543,1365 1549,1371 1566,1373 1573,1365 1598,1365 1602,1372 1608,1369 1621,1369 1636,1374 1693,1375 1703,1366 1726,1367 1733,1373 1759,1369 1765,1374 1785,1379 1829,1379 1836,1371 1844,1369 1857,1372 1858,1378 1883,1374 1889,1377 1898,1371 1908,1371 1913,1374 1914,1379 1952,1380 1990,1372 2049,1378 2052,1374 2065,1372 2074,1375 2075,1384 2091,1385 2227,1385 2238,1384 2245,1377 2257,1378 2263,1383 2272,1377 2287,1378 2289,1383 2309,1381 2364,1388 2371,1384 2384,1387 2387,1381 2396,1378 2408,1380 2412,1387 2418,1381 2429,1377 2442,1380 2443,1386 2487,1386 2498,1380 2513,1380 2519,1387 2589,1390 2591,1383 2607,1380 2613,1387 2631,1384 2642,1390 2686,1390 2685,1438 2536,1436 2518,1439 2504,1446 2491,1439 2428,1439 2422,1435 2377,1434 2362,1438 2344,1435 2322,1440 2288,1438 2284,1441 2275,1441 2270,1437 2234,1434 2160,1434 2154,1440 2130,1440 2124,1431 2039,1428 1916,1431 1905,1437 1897,1436 1893,1431 1834,1429 1816,1437 1805,1430 1777,1428 1763,1424 1721,1429 1623,1423 1581,1426 1547,1423 1538,1431 1526,1426 1490,1426 1486,1431 1474,1430 1468,1425 1429,1424 1413,1420 1384,1419 1370,1427 1361,1425 1359,1421 1342,1420"/>
        <Baseline points="1342,1410 2685,1427"/>
        <Word id="region0001_line0013_word0000" custom="readingOrder {index:0;}">
          <Coords points="1487,1429 1488,1374 1365,1372 1364,1425 1370,1427 1384,1419 1413,1420 1429,1424 1468,1425 1472,1428"/>
          <TextEquiv conf="0.9163693">
            <Unicode>hoͤret,</Unicode>
          </TextEquiv>
        </Word>
        <Word id="region0001_line0013_word0001" custom="readingOrder {index:1;}">
          <Coords points="1621,1377 1511,1376 1510,1426 1526,1426 1528,1427 1542,1427 1547,1423 1581,1426 1620,1423"/>
          <TextEquiv conf="0.9297136">
            <Unicode>theils</Unicode>
          </TextEquiv>
        </Word>
        <Word id="region0001_line0013_word0002" custom="readingOrder {index:2;}">
          <Coords points="1644,1377 1725,1378 1724,1425 1643,1424"/>
          <TextEquiv>
            <Unicode>weil</Unicode>
          </TextEquiv>
        </Word>
        <Word id="region0001_line0013_word0003" custom="readingOrder {index:3;}">
          <Coords points="1750,1377 1749,1426 1763,1424 1777,1428 1805,1430 1809,1433 1825,1433 1834,1429 1893,1431 1895,1434 1910,1434 1916,1431 1964,1430 1965,1380 1953,1380 1952,1380 1937,1380 1830,1378 1829,1379 1785,1379 1779,1377"/>
          <TextEquiv>
            <Unicode>dergleichen</Unicode>
          </TextEquiv>
        </Word>
        <Word id="region0001_line0013_word0004" custom="readingOrder {index:4;}">
          <Coords points="1990,1380 1989,1421 2111,1423 2111,1385 2091,1385 2075,1384 2074,1381"/>
          <TextEquiv conf="0.90953016">
            <Unicode>Dolus</Unicode>
          </TextEquiv>
        </Word>
        <Word id="region0001_line0013_word0005" custom="readingOrder {index:5;}">
          <Coords points="2198,1395 2131,1394 2130,1437 2156,1437 2160,1434 2197,1434"/>
          <TextEquiv conf="0.93171495">
            <Unicode>gar</Unicode>
          </TextEquiv>
        </Word>
        <Word id="region0001_line0013_word0006" custom="readingOrder {index:6;}">
          <Coords points="2340,1386 2234,1384 2227,1385 2216,1385 2216,1434 2234,1434 2268,1436 2331,1437 2339,1436"/>
          <TextEquiv conf="0.8657968">
            <Unicode>nicht,</Unicode>
          </TextEquiv>
        </Word>
        <Word id="region0001_line0013_word0007" custom="readingOrder {index:7;}">
          <Coords points="2371,1384 2365,1387 2364,1437 2377,1434 2422,1435 2428,1439 2491,1439 2498,1443 2511,1443 2518,1439 2536,1436 2536,1436 2537,1388 2519,1387 2518,1386 2488,1385 2487,1386 2443,1386 2443,1385 2414,1385 2412,1387 2411,1385 2385,1384 2384,1387 2371,1384"/>
          <TextEquiv conf="0.9175712">
            <Unicode>vielmehr</Unicode>
          </TextEquiv>
        </Word>
        <Word id="region0001_line0013_word0008" custom="readingOrder {index:8;}">
          <Coords points="2563,1389 2562,1430 2666,1432 2667,1391 2589,1390 2589,1390 2568,1389"/>
          <TextEquiv conf="0.9118615">
            <Unicode>adfe-</Unicode>
          </TextEquiv>
        </Word>
        <TextEquiv>
          <Unicode>hoͤret, theils weil dergleichen Dolus gar nicht, vielmehr adfe-</Unicode>
        </TextEquiv>
      </TextLine>
      <TextLine id="line_1658303339758_2846" custom="readingOrder {index:13;}">
        <Coords points="1342,1426 1352,1426 1370,1428 1384,1420 1413,1421 1426,1429 1474,1431 1538,1432 1547,1424 1556,1425 1561,1428 1562,1433 1588,1433 1590,1426 1596,1424 1623,1424 1627,1426 1629,1434 1672,1435 1738,1435 1742,1428 1747,1426 1763,1425 1772,1429 1773,1436 1816,1438 1834,1430 1842,1431 1844,1436 1879,1437 1884,1433 1893,1433 1897,1437 1905,1438 1912,1435 1940,1437 1947,1431 1960,1431 1966,1436 1975,1431 1988,1431 1992,1435 2039,1436 2058,1430 2072,1430 2076,1437 2080,1438 2093,1438 2098,1431 2124,1432 2130,1441 2161,1442 2215,1441 2224,1435 2237,1436 2241,1441 2314,1444 2351,1436 2357,1439 2358,1443 2368,1443 2377,1435 2395,1435 2402,1443 2407,1437 2422,1436 2428,1440 2429,1445 2485,1444 2492,1441 2504,1447 2536,1437 2569,1442 2587,1437 2595,1444 2627,1445 2635,1440 2646,1441 2652,1446 2685,1446 2686,1497 2591,1495 2582,1501 2577,1501 2570,1497 2540,1497 2527,1494 2520,1497 2501,1495 2493,1502 2480,1501 2474,1500 2470,1492 2455,1492 2444,1495 2390,1496 2387,1500 2379,1502 2362,1496 2360,1500 2350,1502 2342,1500 2340,1496 2280,1491 2260,1495 2254,1499 2238,1497 2230,1500 2210,1491 2110,1492 2074,1488 2067,1495 2062,1496 2049,1490 2023,1490 2016,1494 2007,1495 1998,1486 1982,1489 1863,1488 1739,1481 1689,1483 1683,1491 1664,1492 1658,1486 1646,1491 1640,1490 1636,1484 1600,1480 1386,1473 1342,1474"/>
        <Baseline points="1342,1463 2685,1487"/>
        <Word id="region0001_line0014_word0000" custom="readingOrder {index:0;}">
          <Coords points="1444,1434 1366,1433 1366,1473 1386,1473 1444,1474"/>
          <TextEquiv conf="0.9121086">
            <Unicode>ctio</Unicode>
          </TextEquiv>
        </Word>
        <Word id="region0001_line0014_word0001" custom="readingOrder {index:1;}">
          <Coords points="1655,1487 1655,1435 1462,1432 1462,1475 1600,1480 1636,1484 1637,1486"/>
          <TextEquiv conf="0.8414572">
            <Unicode>maritalis,</Unicode>
          </TextEquiv>
        </Word>
        <Word id="region0001_line0014_word0002" custom="readingOrder {index:2;}">
          <Coords points="1738,1435 1738,1435 1672,1435 1666,1435 1666,1489 1684,1489 1689,1483 1739,1481 1863,1488 1894,1488 1894,1437 1879,1437 1879,1437 1866,1437 1820,1436 1816,1438 1773,1436 1773,1435"/>
          <TextEquiv conf="0.878153">
            <Unicode>præſumiret</Unicode>
          </TextEquiv>
        </Word>
        <Word id="region0001_line0014_word0003" custom="readingOrder {index:3;}">
          <Coords points="1909,1440 1999,1441 1999,1484 1909,1483"/>
          <TextEquiv conf="0.92176336">
            <Unicode>wird,</Unicode>
          </TextEquiv>
        </Word>
        <Word id="region0001_line0014_word0004" custom="readingOrder {index:4;}">
          <Coords points="2037,1440 2037,1490 2049,1490 2054,1492 2070,1492 2074,1488 2110,1492 2147,1492 2147,1442 2130,1441 2130,1441"/>
          <TextEquiv conf="0.92176336">
            <Unicode>theils</Unicode>
          </TextEquiv>
        </Word>
        <Word id="region0001_line0014_word0005" custom="readingOrder {index:5;}">
          <Coords points="2258,1495 2258,1444 2157,1442 2157,1491 2210,1491 2217,1494"/>
          <TextEquiv conf="0.9300965">
            <Unicode>auch,</Unicode>
          </TextEquiv>
        </Word>
        <Word id="region0001_line0014_word0006" custom="readingOrder {index:6;}">
          <Coords points="2321,1443 2314,1444 2268,1442 2268,1493 2280,1491 2337,1496 2361,1496 2362,1443 2358,1443 2358,1443"/>
          <TextEquiv>
            <Unicode>weil,</Unicode>
          </TextEquiv>
        </Word>
        <Word id="region0001_line0014_word0007" custom="readingOrder {index:7;}">
          <Coords points="2374,1442 2373,1497 2389,1497 2390,1496 2444,1495 2455,1492 2470,1492 2473,1498 2497,1499 2501,1495 2517,1497 2518,1444 2514,1444 2504,1447 2497,1444 2486,1444 2485,1444 2429,1445 2429,1443 2403,1442 2402,1443 2401,1442"/>
          <TextEquiv conf="0.8799732">
            <Unicode>ſolange</Unicode>
          </TextEquiv>
        </Word>
        <Word id="region0001_line0014_word0008" custom="readingOrder {index:8;}">
          <Coords points="2664,1448 2528,1446 2527,1494 2540,1497 2570,1497 2574,1499 2583,1499 2591,1495 2663,1496"/>
          <TextEquiv conf="0.7322311">
            <Unicode>Lehns⸗</Unicode>
          </TextEquiv>
        </Word>
        <TextEquiv>
          <Unicode>ctio maritalis, præſumiret wird, theils auch, weil, ſolange Lehns⸗</Unicode>
        </TextEquiv>
      </TextLine>
      <TextLine id="line_1658303339760_2848" custom="readingOrder {index:14;}">
        <Coords points="1342,1479 1367,1479 1376,1474 1406,1476 1412,1479 1427,1477 1432,1482 1438,1476 1449,1476 1454,1481 1455,1488 1513,1486 1521,1479 1543,1478 1550,1482 1569,1481 1574,1488 1581,1489 1586,1489 1594,1481 1600,1481 1605,1482 1610,1489 1664,1493 1722,1492 1728,1486 1739,1482 1751,1483 1754,1492 1802,1492 1809,1485 1817,1485 1827,1492 1949,1495 1977,1494 1983,1489 1998,1487 2007,1496 2019,1493 2052,1494 2062,1497 2067,1496 2074,1489 2086,1489 2096,1495 2146,1495 2154,1491 2189,1496 2199,1492 2210,1492 2230,1501 2238,1498 2249,1500 2266,1498 2280,1492 2295,1493 2299,1498 2379,1503 2447,1499 2455,1493 2470,1493 2474,1501 2480,1502 2493,1503 2501,1496 2509,1496 2515,1500 2527,1495 2542,1499 2569,1498 2582,1502 2591,1496 2634,1496 2649,1498 2659,1503 2685,1504 2686,1555 2575,1557 2485,1550 2472,1558 2462,1558 2455,1552 2385,1550 2375,1557 2362,1555 2360,1552 2346,1552 2293,1553 2281,1558 2266,1553 2215,1548 2200,1550 2191,1546 2176,1545 2163,1550 2150,1549 2144,1545 2124,1548 2033,1547 1989,1542 1901,1546 1892,1550 1881,1545 1840,1543 1814,1539 1805,1543 1755,1543 1749,1549 1743,1550 1732,1548 1728,1542 1718,1539 1700,1542 1639,1543 1608,1537 1591,1541 1476,1540 1472,1545 1459,1547 1454,1542 1442,1538 1432,1539 1425,1545 1408,1537 1387,1537 1385,1541 1379,1541 1371,1540 1365,1535 1342,1534"/>
        <Baseline points="1342,1522 2686,1545"/>
        <Word id="region0001_line0015_word0000" custom="readingOrder {index:0;}">
          <Coords points="1368,1485 1367,1536 1371,1540 1379,1541 1385,1541 1387,1537 1408,1537 1422,1543 1426,1543 1432,1539 1442,1538 1454,1542 1456,1544 1472,1544 1476,1540 1491,1540 1492,1487 1486,1486 1455,1488 1454,1486"/>
          <TextEquiv>
            <Unicode>faͤhige</Unicode>
          </TextEquiv>
        </Word>
        <Word id="region0001_line0015_word0001" custom="readingOrder {index:1;}">
          <Coords points="1513,1489 1512,1536 1606,1537 1608,1537 1609,1537 1655,1538 1655,1492 1632,1490"/>
          <TextEquiv conf="0.9306012">
            <Unicode>Kinder</Unicode>
          </TextEquiv>
        </Word>
        <Word id="region0001_line0015_word0002" custom="readingOrder {index:2;}">
          <Coords points="1723,1491 1722,1492 1666,1493 1665,1543 1700,1542 1718,1539 1728,1542 1730,1545 1753,1545 1755,1543 1805,1543 1814,1539 1840,1543 1881,1545 1885,1547 1899,1547 1899,1547 1899,1494 1833,1492 1802,1492 1802,1492 1754,1492 1754,1491"/>
          <TextEquiv conf="0.9317613">
            <Unicode>vorhanden,</Unicode>
          </TextEquiv>
        </Word>
        <Word id="region0001_line0015_word0003" custom="readingOrder {index:3;}">
          <Coords points="1932,1495 2049,1497 2049,1542 1932,1540"/>
          <TextEquiv conf="0.9310873">
            <Unicode>weder</Unicode>
          </TextEquiv>
        </Word>
        <Word id="region0001_line0015_word0004" custom="readingOrder {index:4;}">
          <Coords points="2074,1498 2135,1499 2135,1543 2074,1542"/>
          <TextEquiv conf="0.92839">
            <Unicode>der</Unicode>
          </TextEquiv>
        </Word>
        <Word id="word_1658303703664_3032" custom="readingOrder {index:5;}">
          <Coords points="2150,1497 2223,1498 2230,1501 2238,1498 2249,1500 2263,1498 2315,1499 2379,1503 2386,1502 2386,1550 2385,1550 2380,1554 2361,1554 2360,1552 2346,1552 2302,1553 2259,1552 2215,1548 2200,1550 2191,1546 2176,1545 2163,1550 2150,1549"/>
          <TextEquiv>
            <Unicode>Lehn⸗Herr,</Unicode>
          </TextEquiv>
        </Word>
        <Word id="region0001_line0015_word0006" custom="readingOrder {index:6;}">
          <Coords points="2452,1494 2447,1499 2397,1501 2397,1550 2455,1552 2462,1558 2472,1558 2477,1554 2477,1501 2474,1501 2470,1494"/>
          <TextEquiv conf="0.92213494">
            <Unicode>noch</Unicode>
          </TextEquiv>
        </Word>
        <Word id="region0001_line0015_word0007" custom="readingOrder {index:7;}">
          <Coords points="2499,1504 2553,1504 2553,1549 2499,1549"/>
          <TextEquiv conf="0.86530566">
            <Unicode>die</Unicode>
          </TextEquiv>
        </Word>
        <Word id="region0001_line0015_word0008" custom="readingOrder {index:8;}">
          <Coords points="2566,1505 2665,1506 2665,1553 2566,1552"/>
          <TextEquiv conf="0.83959">
            <Unicode>Mit⸗</Unicode>
          </TextEquiv>
        </Word>
        <TextEquiv>
          <Unicode>faͤhige Kinder vorhanden, weder der Lehn⸗Herr, noch die Mit⸗</Unicode>
        </TextEquiv>
      </TextLine>
      <TextLine id="line_1658303339762_2850" custom="readingOrder {index:15;}">
        <Coords points="1342,1542 1355,1543 1358,1537 1365,1536 1371,1541 1390,1545 1400,1544 1408,1538 1425,1546 1442,1539 1454,1543 1459,1548 1465,1548 1492,1547 1497,1542 1509,1542 1512,1546 1547,1546 1553,1541 1571,1541 1576,1547 1593,1548 1597,1541 1616,1538 1626,1541 1628,1548 1650,1549 1670,1548 1675,1544 1697,1548 1705,1540 1718,1540 1728,1543 1731,1550 1746,1551 1795,1551 1803,1544 1814,1540 1826,1540 1842,1545 1862,1543 1867,1549 1881,1546 1892,1551 1977,1551 1989,1543 2000,1543 2012,1545 2015,1550 2048,1552 2119,1553 2127,1547 2144,1546 2151,1553 2166,1553 2176,1546 2191,1547 2200,1551 2215,1549 2218,1554 2270,1556 2281,1559 2317,1555 2375,1558 2385,1551 2396,1551 2404,1556 2477,1559 2485,1551 2497,1552 2502,1555 2503,1560 2675,1564 2686,1565 2685,1606 2605,1609 2601,1611 2600,1616 2585,1621 2574,1619 2571,1611 2372,1607 2356,1609 2342,1615 2334,1613 2332,1609 2271,1607 2254,1604 2246,1606 2219,1606 2212,1613 2202,1613 2195,1606 2187,1606 2183,1613 2178,1614 2166,1609 2164,1605 2094,1605 2085,1612 2076,1612 2068,1605 1959,1599 1869,1601 1861,1605 1853,1605 1848,1598 1833,1600 1818,1597 1812,1601 1798,1601 1793,1606 1782,1606 1775,1598 1765,1597 1757,1600 1755,1605 1740,1614 1733,1610 1730,1597 1719,1598 1713,1607 1707,1607 1699,1605 1696,1599 1669,1596 1654,1609 1645,1608 1638,1597 1616,1599 1612,1605 1597,1604 1594,1598 1588,1596 1575,1596 1560,1600 1540,1599 1534,1604 1525,1604 1519,1599 1462,1597 1449,1603 1443,1602 1439,1597 1342,1594"/>
        <Baseline points="1342,1583 2352,1599 2685,1597"/>
        <Word id="region0001_line0016_word0000" custom="readingOrder {index:0;}">
          <Coords points="1538,1599 1539,1549 1365,1547 1364,1595 1439,1597 1439,1597 1459,1598 1462,1597 1509,1598"/>
          <TextEquiv conf="0.7432991">
            <Unicode>belehnte,</Unicode>
          </TextEquiv>
        </Word>
        <Word id="region0001_line0016_word0001" custom="readingOrder {index:1;}">
          <Coords points="1557,1546 1556,1599 1560,1600 1575,1596 1588,1596 1594,1598 1597,1604 1602,1604 1612,1604 1616,1599 1638,1597 1642,1604 1658,1604 1669,1596 1684,1597 1685,1547 1671,1546 1670,1548 1650,1549 1628,1548 1627,1546 1593,1546 1593,1548 1576,1547 1575,1546"/>
          <TextEquiv conf="0.8030515">
            <Unicode>befugt</Unicode>
          </TextEquiv>
        </Word>
        <Word id="region0001_line0016_word0002" custom="readingOrder {index:2;}">
          <Coords points="1702,1547 1701,1606 1707,1607 1713,1607 1719,1598 1730,1597 1733,1610 1740,1614 1755,1605 1757,1600 1765,1597 1775,1598 1782,1606 1793,1606 1795,1604 1796,1550 1795,1551 1746,1551 1731,1550 1730,1548"/>
          <TextEquiv conf="0.91762865">
            <Unicode>ſeyn,</Unicode>
          </TextEquiv>
        </Word>
        <Word id="region0001_line0016_word0003" custom="readingOrder {index:3;}">
          <Coords points="1872,1551 1806,1550 1805,1601 1812,1601 1818,1597 1833,1600 1848,1598 1852,1603 1863,1603 1869,1601 1871,1600"/>
          <TextEquiv conf="0.9303244">
            <Unicode>ſich</Unicode>
          </TextEquiv>
        </Word>
        <Word id="region0001_line0016_word0004" custom="readingOrder {index:4;}">
          <Coords points="1882,1554 2060,1556 2059,1600 1881,1598"/>
          <TextEquiv conf="0.9314178">
            <Unicode>darwider</Unicode>
          </TextEquiv>
        </Word>
        <Word id="region0001_line0016_word0005" custom="readingOrder {index:5;}">
          <Coords points="2119,1565 2076,1564 2075,1609 2088,1609 2094,1605 2116,1605 2118,1605"/>
          <TextEquiv conf="0.93174416">
            <Unicode>zu</Unicode>
          </TextEquiv>
        </Word>
        <Word id="region0001_line0016_word0006" custom="readingOrder {index:6;}">
          <Coords points="2129,1555 2128,1605 2164,1605 2166,1609 2169,1610 2184,1610 2187,1606 2195,1606 2199,1610 2213,1611 2219,1606 2246,1606 2254,1604 2271,1607 2332,1609 2333,1612 2346,1612 2352,1610 2353,1558 2296,1557 2281,1559 2273,1556"/>
          <TextEquiv conf="0.9285709">
            <Unicode>beſchweren,</Unicode>
          </TextEquiv>
        </Word>
        <Word id="region0001_line0016_word0007" custom="readingOrder {index:7;}">
          <Coords points="2364,1560 2446,1561 2445,1605 2363,1604"/>
          <TextEquiv conf="0.92909133">
            <Unicode>oder</Unicode>
          </TextEquiv>
        </Word>
        <Word id="region0001_line0016_word0008" custom="readingOrder {index:8;}">
          <Coords points="2465,1560 2541,1561 2540,1606 2464,1605"/>
          <TextEquiv conf="0.83003634">
            <Unicode>eine</Unicode>
          </TextEquiv>
        </Word>
        <Word id="region0001_line0016_word0009" custom="readingOrder {index:9;}">
          <Coords points="2666,1575 2559,1573 2558,1610 2571,1611 2572,1615 2600,1615 2601,1611 2605,1609 2665,1606"/>
          <TextEquiv conf="0.898504">
            <Unicode>aper-</Unicode>
          </TextEquiv>
        </Word>
        <TextEquiv conf="0.8843668">
          <Unicode>belehnte, befugt ſeyn, ſich darwider zu beſchweren, oder eine aper-</Unicode>
        </TextEquiv>
      </TextLine>
      <TextLine id="line_1658303339763_2852" custom="readingOrder {index:16;}">
        <Coords points="1342,1600 1541,1605 1565,1605 1571,1598 1588,1597 1593,1600 1594,1605 1618,1606 1619,1600 1623,1598 1638,1598 1645,1609 1654,1610 1669,1597 1682,1600 1683,1607 1708,1608 1713,1608 1719,1599 1730,1598 1732,1610 1743,1615 1747,1609 1765,1598 1775,1599 1782,1607 1790,1608 1818,1598 1833,1601 1848,1599 1853,1607 1890,1606 1919,1600 1959,1600 1968,1603 1972,1608 1978,1602 1986,1602 1995,1611 2071,1613 2110,1614 2113,1607 2130,1606 2135,1613 2163,1613 2167,1610 2178,1615 2238,1615 2243,1613 2244,1607 2254,1605 2270,1607 2272,1615 2315,1615 2333,1613 2343,1616 2354,1612 2366,1612 2372,1608 2415,1615 2442,1615 2446,1610 2468,1610 2474,1615 2501,1619 2582,1622 2599,1617 2608,1620 2686,1618 2685,1670 2348,1665 2340,1667 2334,1675 2328,1675 2320,1673 2317,1667 2261,1665 2234,1667 2228,1673 2214,1675 2205,1673 2200,1667 2180,1667 2176,1672 2163,1672 2155,1665 2107,1662 2093,1662 2075,1668 2068,1662 1984,1656 1540,1649 1515,1651 1509,1657 1500,1658 1493,1648 1488,1647 1472,1650 1394,1646 1342,1646"/>
        <Baseline points="1342,1635 2002,1646 2151,1655 2685,1659"/>
        <Word id="region0001_line0017_word0000" custom="readingOrder {index:0;}">
          <Coords points="1510,1653 1511,1614 1359,1612 1358,1646 1394,1646 1472,1650 1488,1647 1493,1648 1496,1652"/>
          <TextEquiv conf="0.91184914">
            <Unicode>turam,</Unicode>
          </TextEquiv>
        </Word>
        <Word id="region0001_line0017_word0001" custom="readingOrder {index:1;}">
          <Coords points="1526,1606 1588,1607 1588,1645 1526,1644"/>
          <TextEquiv conf="0.9149157">
            <Unicode>vel</Unicode>
          </TextEquiv>
        </Word>
        <Word id="region0001_line0017_word0002" custom="readingOrder {index:2;}">
          <Coords points="1615,1606 1614,1646 1778,1648 1779,1608 1749,1608 1747,1609 1743,1615 1732,1610 1732,1607 1714,1607 1713,1608 1708,1608 1683,1607 1683,1607 1658,1607 1654,1610 1645,1609 1643,1606"/>
          <TextEquiv conf="0.7504033">
            <Unicode>delatam</Unicode>
          </TextEquiv>
        </Word>
        <Word id="region0001_line0017_word0003" custom="readingOrder {index:3;}">
          <Coords points="1803,1607 1802,1653 1984,1656 2031,1659 2087,1660 2087,1613 2071,1613 1995,1611 1993,1609"/>
          <TextEquiv conf="0.91679376">
            <Unicode>ſucceſſionem,</Unicode>
          </TextEquiv>
        </Word>
        <Word id="region0001_line0017_word0004" custom="readingOrder {index:4;}">
          <Coords points="2113,1608 2111,1612 2110,1662 2155,1665 2157,1667 2186,1667 2200,1667 2200,1667 2233,1668 2234,1667 2261,1665 2317,1667 2318,1669 2338,1669 2339,1615 2333,1613 2315,1615 2272,1615 2271,1610 2244,1610 2243,1613 2238,1615 2178,1615 2167,1610 2163,1613 2135,1613 2132,1608"/>
          <TextEquiv>
            <Unicode>anzugeben,</Unicode>
          </TextEquiv>
        </Word>
        <Word id="region0001_line0017_word0005" custom="readingOrder {index:5;}">
          <Coords points="2372,1615 2434,1616 2433,1660 2371,1659"/>
          <TextEquiv conf="0.93214154">
            <Unicode>der</Unicode>
          </TextEquiv>
        </Word>
        <Word id="region0001_line0017_word0006" custom="readingOrder {index:6;}">
          <Coords points="2451,1618 2450,1656 2572,1658 2572,1621 2501,1619 2499,1618"/>
          <TextEquiv conf="0.9257264">
            <Unicode>Locus</Unicode>
          </TextEquiv>
        </Word>
        <Word id="region0001_line0017_word0007" custom="readingOrder {index:7;}">
          <Coords points="2590,1626 2666,1627 2665,1663 2589,1662"/>
          <TextEquiv conf="0.9279071">
            <Unicode>von</Unicode>
          </TextEquiv>
        </Word>
        <TextEquiv>
          <Unicode>turam, vel delatam ſucceſſionem, anzugeben, der Locus von</Unicode>
        </TextEquiv>
      </TextLine>
      <TextLine id="line_1658303339764_2854" custom="readingOrder {index:17;}">
        <Coords points="1342,1656 1369,1656 1374,1649 1383,1647 1397,1648 1400,1657 1440,1656 1446,1649 1460,1649 1466,1656 1470,1656 1473,1650 1480,1648 1493,1649 1500,1659 1521,1658 1540,1650 1553,1651 1557,1659 1578,1660 1631,1660 1640,1652 1655,1653 1659,1660 1687,1659 1691,1656 1739,1661 1790,1661 1796,1655 1806,1655 1815,1656 1824,1662 1848,1665 1890,1665 1897,1658 1920,1658 1928,1660 1932,1666 1981,1670 1986,1659 1999,1658 2007,1669 2015,1669 2022,1660 2032,1660 2052,1662 2056,1668 2077,1669 2093,1663 2097,1667 2101,1664 2116,1663 2122,1670 2130,1671 2214,1676 2256,1675 2257,1669 2261,1666 2279,1667 2282,1675 2329,1676 2334,1676 2340,1668 2348,1666 2363,1668 2365,1675 2384,1675 2418,1674 2427,1666 2436,1666 2442,1671 2454,1674 2462,1670 2475,1670 2480,1674 2502,1673 2509,1676 2574,1675 2579,1669 2593,1669 2599,1675 2685,1677 2686,1729 2344,1727 2286,1721 1814,1713 1807,1718 1792,1718 1787,1712 1775,1715 1767,1710 1602,1710 1584,1707 1578,1710 1576,1715 1562,1717 1543,1709 1342,1708"/>
        <Baseline points="1342,1698 2685,1719"/>
        <Word id="region0001_line0018_word0000" custom="readingOrder {index:0;}">
          <Coords points="1371,1653 1369,1656 1360,1656 1360,1708 1543,1709 1553,1713 1576,1713 1578,1710 1584,1707 1602,1710 1619,1710 1619,1660 1578,1660 1557,1659 1555,1655 1528,1654 1521,1658 1500,1659 1496,1654 1470,1654 1470,1656 1466,1656 1464,1654 1441,1653 1440,1656 1400,1657 1398,1653"/>
          <TextEquiv conf="0.89684">
            <Unicode>ebenbuͤrtigen</Unicode>
          </TextEquiv>
        </Word>
        <Word id="region0001_line0018_word0001" custom="readingOrder {index:1;}">
          <Coords points="1637,1661 1676,1661 1676,1704 1637,1704"/>
          <TextEquiv conf="0.89615893">
            <Unicode>in</Unicode>
          </TextEquiv>
        </Word>
        <Word id="region0001_line0018_word0002" custom="readingOrder {index:2;}">
          <Coords points="1695,1666 1780,1667 1780,1708 1695,1707"/>
          <TextEquiv conf="0.86532515">
            <Unicode>dem</Unicode>
          </TextEquiv>
        </Word>
        <Word id="region0001_line0018_word0003" custom="readingOrder {index:3;}">
          <Coords points="1881,1666 1797,1665 1797,1714 1812,1714 1814,1713 1881,1714"/>
          <TextEquiv conf="0.9223123">
            <Unicode>Jure</Unicode>
          </TextEquiv>
        </Word>
        <Word id="region0001_line0018_word0004" custom="readingOrder {index:4;}">
          <Coords points="1898,1666 1898,1706 2050,1708 2050,1668 2016,1667 2015,1669 2007,1669 2005,1667 1982,1667 1981,1670 1938,1666"/>
          <TextEquiv conf="0.9223123">
            <Unicode>Feudali</Unicode>
          </TextEquiv>
        </Word>
        <Word id="region0001_line0018_word0005" custom="readingOrder {index:5;}">
          <Coords points="2081,1667 2077,1669 2068,1668 2068,1707 2324,1710 2324,1675 2282,1675 2279,1669 2256,1669 2256,1675 2214,1676 2130,1671 2122,1670 2119,1667"/>
          <TextEquiv conf="0.8996795">
            <Unicode>Alemannico</Unicode>
          </TextEquiv>
        </Word>
        <Word id="region0001_line0018_word0006" custom="readingOrder {index:6;}">
          <Coords points="2342,1668 2342,1716 2474,1717 2474,1670 2462,1670 2454,1674 2442,1671 2439,1668 2424,1668 2418,1674 2384,1675 2365,1675 2363,1668"/>
          <TextEquiv conf="0.91419595">
            <Unicode>bereits</Unicode>
          </TextEquiv>
        </Word>
        <Word id="region0001_line0018_word0007" custom="readingOrder {index:7;}">
          <Coords points="2491,1678 2564,1679 2564,1718 2491,1717"/>
          <TextEquiv conf="0.9313731">
            <Unicode>von</Unicode>
          </TextEquiv>
        </Word>
        <Word id="region0001_line0018_word0008" custom="readingOrder {index:8;}">
          <Coords points="2582,1673 2582,1717 2664,1718 2664,1676 2599,1675 2597,1673"/>
          <TextEquiv conf="0.92308784">
            <Unicode>dem</Unicode>
          </TextEquiv>
        </Word>
        <TextEquiv conf="0.90792054">
          <Unicode>ebenbuͤrtigen in dem Jure Feudali Alemannico bereits von dem</Unicode>
        </TextEquiv>
      </TextLine>
      <TextLine id="region0001_line0020" custom="readingOrder {index:18;}">
        <Coords points="1584,1708 1579,1710 1576,1716 1568,1718 1545,1711 1537,1714 1491,1714 1474,1716 1461,1730 1461,1755 1467,1761 1722,1763 1820,1769 1821,1776 1826,1779 1836,1776 1844,1768 1890,1773 1907,1779 1913,1773 1952,1773 1953,1780 1968,1780 1974,1784 1979,1784 1989,1769 2024,1770 2035,1774 2155,1774 2162,1777 2179,1773 2221,1771 2230,1765 2230,1738 2225,1733 2118,1731 2112,1721 2101,1721 2094,1728 2083,1727 2079,1730 2031,1728 1988,1720 1941,1721 1919,1728 1899,1730 1814,1717 1775,1716 1767,1711 1756,1713 1751,1718 1712,1722 1645,1720 1638,1718 1632,1710 1619,1709 1615,1711 1613,1718 1603,1718 1601,1710"/>
        <Baseline points="1461,1751 1897,1763 2230,1761"/>
        <Word id="region0001_line0020_word0000" custom="readingOrder {index:0;} textStyle {offset:0; length:9;italic:true; fontSize:0.0; kerning:0;}">
          <Coords points="1533,1714 1532,1755 1698,1757 1698,1721 1645,1720 1638,1718 1635,1715 1613,1714 1613,1718 1603,1718 1602,1714 1576,1714 1576,1716 1568,1718 1555,1714"/>
          <TextEquiv conf="0.79525477">
            <Unicode>Schiltero</Unicode>
          </TextEquiv>
        </Word>
        <Word id="region0001_line0020_word0001" custom="readingOrder {index:1;} textStyle {offset:0; length:2;italic:true; fontSize:0.0; kerning:0;}">
          <Coords points="1715,1757 1767,1757 1768,1717 1752,1717 1751,1718 1715,1721"/>
          <TextEquiv conf="0.8748194">
            <Unicode>ad</Unicode>
          </TextEquiv>
        </Word>
        <Word id="region0001_line0020_word0002" custom="readingOrder {index:2;} textStyle {offset:0; length:4;italic:true; fontSize:0.0; kerning:0;}">
          <Coords points="1785,1722 1784,1766 1816,1768 1842,1769 1844,1768 1861,1769 1867,1770 1867,1725 1858,1723"/>
          <TextEquiv conf="0.9067235">
            <Unicode>Cap.</Unicode>
          </TextEquiv>
        </Word>
        <Word id="region0001_line0020_word0003" custom="readingOrder {index:3;} textStyle {offset:0; length:3;italic:true; fontSize:0.0; kerning:0;}">
          <Coords points="1888,1731 1940,1731 1940,1765 1888,1765"/>
          <TextEquiv>
            <Unicode>41.</Unicode>
          </TextEquiv>
        </Word>
        <Word id="region0001_line0020_word0004" custom="readingOrder {index:4;} textStyle {offset:0; length:4;italic:true; fontSize:0.0; kerning:0;}">
          <Coords points="1963,1723 1962,1773 1986,1773 1989,1769 2024,1770 2034,1773 2048,1774 2048,1728 2031,1728 2006,1723"/>
          <TextEquiv conf="0.8355028">
            <Unicode>Jur.</Unicode>
          </TextEquiv>
        </Word>
        <Word id="region0001_line0020_word0005" custom="readingOrder {index:5;} textStyle {offset:0; length:5;italic:true; fontSize:0.0; kerning:0;}">
          <Coords points="2098,1723 2094,1728 2083,1727 2079,1730 2061,1729 2061,1763 2172,1764 2172,1732 2118,1731 2113,1723"/>
          <TextEquiv>
            <Unicode>Alem.</Unicode>
          </TextEquiv>
        </Word>
        <TextEquiv>
          <Unicode>Schiltero ad Cap. 41. Jur. Alem.</Unicode>
        </TextEquiv>
      </TextLine>
      <TextLine id="line_1658303339766_2856" custom="readingOrder {index:19;}">
        <Coords points="1342,1763 1377,1764 1381,1767 1407,1769 1420,1761 1430,1761 1436,1765 1441,1761 1451,1761 1457,1765 1459,1772 1529,1768 1546,1762 1576,1766 1581,1763 1595,1763 1600,1766 1614,1764 1621,1773 1660,1775 1666,1771 1686,1773 1695,1765 1707,1767 1712,1764 1722,1764 1733,1769 1778,1772 1791,1771 1800,1776 1821,1777 1826,1780 1836,1777 1844,1769 1850,1769 1858,1772 1862,1780 1880,1782 1884,1777 1892,1775 1906,1779 1908,1783 1919,1784 1950,1785 1953,1781 1968,1781 1979,1785 1989,1770 2010,1773 2024,1771 2031,1775 2032,1782 2050,1774 2064,1775 2068,1781 2095,1781 2110,1776 2122,1778 2140,1775 2147,1783 2177,1775 2183,1778 2252,1776 2290,1788 2300,1777 2316,1779 2322,1784 2335,1779 2345,1779 2352,1787 2387,1787 2393,1782 2405,1782 2411,1788 2429,1790 2484,1785 2503,1779 2512,1779 2519,1785 2523,1782 2535,1782 2542,1789 2554,1790 2562,1783 2571,1784 2578,1791 2686,1794 2685,1849 2647,1852 2636,1846 2597,1844 2498,1845 2453,1843 2429,1839 2408,1844 2352,1841 2344,1847 2335,1847 2326,1838 2308,1840 2270,1836 2244,1839 2224,1836 2124,1835 2117,1842 2105,1842 2099,1836 2087,1835 2081,1841 2073,1841 2059,1832 2036,1835 1941,1831 1848,1832 1841,1838 1831,1838 1825,1831 1755,1832 1750,1836 1720,1832 1714,1836 1705,1835 1698,1830 1680,1825 1649,1828 1634,1825 1625,1827 1616,1824 1604,1829 1596,1829 1593,1826 1539,1826 1459,1821 1424,1826 1342,1824"/>
        <Baseline points="1342,1812 2685,1838"/>
        <Word id="region0001_line0021_word0000" custom="readingOrder {index:0;}">
          <Coords points="1478,1776 1364,1774 1363,1824 1424,1826 1459,1821 1477,1822"/>
          <TextEquiv conf="0.92975205">
            <Unicode>dahin</Unicode>
          </TextEquiv>
        </Word>
        <Word id="region0001_line0021_word0001" custom="readingOrder {index:1;}">
          <Coords points="1675,1777 1502,1775 1501,1823 1539,1826 1593,1826 1596,1829 1604,1829 1616,1824 1625,1827 1634,1825 1649,1828 1674,1825"/>
          <TextEquiv conf="0.9225873">
            <Unicode>erklaͤhret</Unicode>
          </TextEquiv>
        </Word>
        <Word id="region0001_line0021_word0002" custom="readingOrder {index:2;}">
          <Coords points="1756,1774 1692,1773 1691,1828 1698,1830 1701,1832 1719,1832 1720,1832 1724,1833 1754,1833 1755,1832 1755,1832"/>
          <TextEquiv conf="0.8462994">
            <Unicode>iſt,</Unicode>
          </TextEquiv>
        </Word>
        <Word id="region0001_line0021_word0003" custom="readingOrder {index:3;}">
          <Coords points="1782,1778 1781,1831 1825,1831 1826,1832 1846,1832 1848,1832 1853,1831 1854,1779 1830,1778 1826,1780 1823,1778"/>
          <TextEquiv conf="0.93099576">
            <Unicode>daß</Unicode>
          </TextEquiv>
        </Word>
        <Word id="region0001_line0021_word0004" custom="readingOrder {index:4;}">
          <Coords points="1882,1779 1880,1782 1870,1781 1869,1832 1941,1831 2036,1835 2059,1832 2065,1836 2083,1836 2084,1781 2068,1781 2068,1781 2035,1781 2032,1782 2032,1781 1982,1780 1979,1785 1968,1781 1953,1781 1950,1785 1919,1784 1908,1783 1906,1779"/>
          <TextEquiv conf="0.92879355">
            <Unicode>ebenbuͤrtig</Unicode>
          </TextEquiv>
        </Word>
        <Word id="word_1658303785106_3061" custom="readingOrder {index:5;}">
          <Coords points="2103,1786 2261,1787 2261,1837 2244,1839 2224,1836 2124,1835 2120,1838 2102,1838"/>
          <TextEquiv>
            <Unicode>hieſelbſt</Unicode>
          </TextEquiv>
        </Word>
        <Word id="word_1658303785105_3060" custom="readingOrder {index:6;}">
          <Coords points="2261,1787 2371,1789 2370,1841 2328,1840 2326,1838 2308,1840 2270,1836 2261,1837"/>
          <TextEquiv>
            <Unicode>nicht</Unicode>
          </TextEquiv>
        </Word>
        <Word id="region0001_line0021_word0006" custom="readingOrder {index:7;}">
          <Coords points="2393,1792 2462,1793 2461,1837 2392,1836"/>
          <TextEquiv conf="0.93282694">
            <Unicode>den</Unicode>
          </TextEquiv>
        </Word>
        <Word id="region0001_line0021_word0007" custom="readingOrder {index:8;}">
          <Coords points="2481,1787 2480,1841 2663,1844 2663,1793 2578,1791 2575,1788 2556,1788 2554,1790 2542,1789 2540,1787"/>
          <TextEquiv conf="0.9272082">
            <Unicode>Kindern,</Unicode>
          </TextEquiv>
        </Word>
        <TextEquiv>
          <Unicode>dahin erklaͤhret iſt, daß ebenbuͤrtig hieſelbſt nicht den Kindern,</Unicode>
        </TextEquiv>
      </TextLine>
      <TextLine id="line_1658303339767_2858" custom="readingOrder {index:20;}">
        <Coords points="1342,1829 1396,1830 1425,1826 1435,1826 1437,1829 1440,1825 1453,1822 1464,1824 1466,1829 1554,1834 1590,1834 1593,1829 1604,1830 1620,1825 1625,1828 1626,1834 1628,1828 1634,1826 1644,1826 1650,1829 1652,1835 1658,1835 1662,1829 1680,1826 1692,1830 1693,1835 1698,1837 1742,1839 1926,1842 1934,1841 1936,1835 1941,1832 1953,1833 1958,1836 1960,1842 2047,1843 2051,1835 2059,1833 2073,1842 2152,1843 2154,1837 2175,1836 2179,1838 2180,1844 2220,1844 2224,1837 2244,1840 2245,1844 2251,1844 2254,1838 2270,1837 2275,1840 2277,1846 2307,1846 2314,1839 2326,1839 2335,1848 2368,1846 2373,1842 2382,1842 2387,1846 2416,1847 2425,1841 2439,1840 2446,1843 2447,1849 2476,1848 2478,1844 2494,1844 2501,1849 2686,1852 2685,1901 2444,1899 2436,1901 2429,1908 2421,1908 2414,1901 2403,1900 2396,1906 2388,1906 2382,1900 2329,1899 2285,1893 2226,1892 2215,1901 2207,1902 2201,1896 2188,1893 2014,1887 1987,1884 1979,1887 1952,1888 1732,1885 1730,1894 1722,1896 1708,1894 1704,1883 1540,1880 1523,1882 1520,1888 1513,1885 1496,1886 1494,1883 1465,1883 1459,1887 1446,1881 1342,1880"/>
        <Baseline points="1342,1869 2685,1890"/>
        <Word id="region0001_line0022_word0000" custom="readingOrder {index:0;}">
          <Coords points="1487,1832 1359,1830 1358,1880 1446,1881 1449,1882 1486,1883"/>
          <TextEquiv conf="0.9294328">
            <Unicode>welche</Unicode>
          </TextEquiv>
        </Word>
        <Word id="region0001_line0022_word0001" custom="readingOrder {index:1;}">
          <Coords points="1572,1847 1504,1846 1503,1885 1513,1885 1515,1886 1520,1886 1523,1882 1540,1880 1571,1880"/>
          <TextEquiv conf="0.9281276">
            <Unicode>per</Unicode>
          </TextEquiv>
        </Word>
        <Word id="region0001_line0022_word0002" custom="readingOrder {index:2;}">
          <Coords points="1594,1833 1593,1881 1704,1883 1706,1889 1731,1890 1732,1885 1820,1886 1821,1840 1698,1837 1693,1834 1652,1835 1626,1833"/>
          <TextEquiv conf="0.88887495">
            <Unicode>ſubſequens</Unicode>
          </TextEquiv>
        </Word>
        <Word id="region0001_line0022_word0003" custom="readingOrder {index:3;}">
          <Coords points="1935,1837 1934,1841 1926,1842 1841,1840 1841,1877 2137,1881 2137,1842 2073,1842 2068,1839 2049,1838 2047,1843 1960,1842 1958,1837"/>
          <TextEquiv conf="0.90266067">
            <Unicode>matrimonium</Unicode>
          </TextEquiv>
        </Word>
        <Word id="region0001_line0022_word0004" custom="readingOrder {index:4;}">
          <Coords points="2161,1840 2160,1892 2188,1893 2198,1895 2221,1895 2226,1892 2285,1893 2313,1896 2400,1898 2400,1846 2387,1846 2382,1842 2372,1842 2368,1846 2335,1848 2329,1842 2311,1841 2307,1846 2277,1846 2275,1841 2252,1841 2251,1844 2245,1844 2244,1841 2221,1840 2220,1844 2180,1844 2179,1840"/>
          <TextEquiv>
            <Unicode>legitimiret,</Unicode>
          </TextEquiv>
        </Word>
        <Word id="region0001_line0022_word0005" custom="readingOrder {index:5;}">
          <Coords points="2421,1843 2419,1844 2419,1898 2570,1900 2570,1850 2501,1849 2494,1844 2478,1844 2476,1848 2447,1849 2446,1843"/>
          <TextEquiv conf="0.9301626">
            <Unicode>ſondern</Unicode>
          </TextEquiv>
        </Word>
        <Word id="region0001_line0022_word0006" custom="readingOrder {index:6;}">
          <Coords points="2587,1856 2660,1857 2659,1892 2586,1891"/>
          <TextEquiv conf="0.8942188">
            <Unicode>nur</Unicode>
          </TextEquiv>
        </Word>
        <TextEquiv>
          <Unicode>welche per ſubſequens matrimonium legitimiret, ſondern nur</Unicode>
        </TextEquiv>
      </TextLine>
      <TextLine id="line_1658303339768_2860" custom="readingOrder {index:21;}">
        <Coords points="1342,1882 1374,1882 1380,1886 1426,1890 1435,1890 1436,1885 1441,1882 1452,1884 1459,1889 1494,1890 1501,1886 1519,1889 1647,1891 1651,1888 1661,1888 1666,1892 1722,1897 1763,1894 1820,1897 1829,1896 1840,1886 1857,1887 1861,1895 1870,1890 1879,1890 1886,1896 1977,1897 1980,1888 1987,1885 2006,1887 2009,1897 2022,1897 2029,1891 2040,1891 2046,1897 2164,1902 2181,1902 2188,1894 2201,1897 2207,1903 2213,1903 2226,1893 2231,1893 2238,1902 2401,1908 2438,1909 2441,1901 2459,1900 2464,1909 2551,1910 2554,1901 2569,1901 2574,1903 2576,1911 2620,1911 2641,1910 2644,1904 2651,1901 2685,1902 2686,1958 2280,1952 2238,1954 2231,1959 2221,1959 2216,1954 2143,1952 2118,1954 2116,1958 2105,1961 2098,1959 2095,1953 2086,1952 1925,1947 1891,1948 1889,1954 1869,1956 1862,1952 1860,1947 1851,1946 1831,1951 1828,1946 1818,1946 1811,1954 1800,1954 1800,1941 1792,1937 1783,1945 1737,1945 1730,1951 1720,1954 1705,1951 1700,1945 1691,1945 1685,1951 1669,1952 1663,1951 1655,1944 1575,1940 1541,1941 1532,1949 1526,1950 1517,1950 1506,1941 1451,1941 1444,1948 1435,1948 1429,1942 1342,1940"/>
        <Baseline points="1342,1930 1792,1937"/>
        <Word id="region0001_line0025_word0000" custom="readingOrder {index:0;}">
          <Coords points="1361,1889 1361,1934 1429,1935 1429,1890 1426,1890 1425,1890"/>
          <TextEquiv conf="0.9237279">
            <Unicode>den</Unicode>
          </TextEquiv>
        </Word>
        <Word id="region0001_line0025_word0001" custom="readingOrder {index:1;}">
          <Coords points="1439,1887 1439,1941 1451,1941 1451,1941 1506,1941 1507,1942 1539,1942 1541,1941 1575,1940 1581,1940 1581,1890 1519,1889 1513,1888 1498,1888 1494,1890 1459,1889 1457,1887"/>
          <TextEquiv conf="0.86961985">
            <Unicode>jenigen</Unicode>
          </TextEquiv>
        </Word>
        <Word id="region0001_line0025_word0002" custom="readingOrder {index:2;}">
          <Coords points="1601,1895 1601,1941 1655,1944 1656,1945 1691,1945 1691,1945 1700,1945 1700,1945 1736,1946 1737,1945 1774,1945 1774,1897 1729,1896 1722,1897 1714,1896"/>
          <TextEquiv conf="0.9313429">
            <Unicode>entgegen</Unicode>
          </TextEquiv>
        </Word>
        <Word id="region0001_line0025_word0003" custom="readingOrder {index:3;}">
          <Coords points="1833,1892 1829,1896 1820,1897 1790,1895 1790,1939 1792,1937 1800,1941 1800,1948 1816,1948 1818,1946 1828,1946 1829,1948 1841,1948 1851,1946 1860,1947 1861,1949 1891,1949 1891,1948 1925,1947 1925,1896 1886,1896 1882,1893 1865,1893 1861,1895 1860,1893"/>
          <TextEquiv conf="0.92741275">
            <Unicode>geſetzet</Unicode>
          </TextEquiv>
        </Word>
        <Word id="region0001_line0025_word0004" custom="readingOrder {index:4;}">
          <Coords points="1978,1891 1977,1897 1943,1896 1943,1947 2068,1951 2115,1952 2115,1899 2046,1897 2041,1892 2027,1891 2022,1897 2009,1897 2007,1891"/>
          <TextEquiv conf="0.91793555">
            <Unicode>wuͤrden,</Unicode>
          </TextEquiv>
        </Word>
        <Word id="region0001_line0025_word0005" custom="readingOrder {index:5;}">
          <Coords points="2186,1895 2181,1902 2164,1902 2133,1900 2133,1947 2260,1949 2260,1902 2238,1902 2233,1896 2221,1896 2213,1903 2207,1903 2201,1897 2196,1896"/>
          <TextEquiv conf="0.9312951">
            <Unicode>welche</Unicode>
          </TextEquiv>
        </Word>
        <Word id="region0001_line0025_word0006" custom="readingOrder {index:6;}">
          <Coords points="2283,1913 2327,1913 2327,1939 2283,1939"/>
          <TextEquiv conf="0.9275455">
            <Unicode>ex</Unicode>
          </TextEquiv>
        </Word>
        <Word id="region0001_line0025_word0007" custom="readingOrder {index:7;}">
          <Coords points="2440,1902 2438,1909 2401,1908 2344,1905 2344,1942 2597,1945 2597,1911 2576,1911 2574,1903 2553,1903 2551,1910 2464,1909 2460,1902"/>
          <TextEquiv conf="0.9181874">
            <Unicode>matrimonio</Unicode>
          </TextEquiv>
        </Word>
        <Word id="region0001_line0025_word0008" custom="readingOrder {index:8;}">
          <Coords points="2616,1945 2663,1946 2663,1905 2643,1904 2641,1910 2620,1911 2616,1911"/>
          <TextEquiv conf="0.9284599">
            <Unicode>ad</Unicode>
          </TextEquiv>
        </Word>
        <TextEquiv conf="0.919503">
          <Unicode>den jenigen entgegen geſetzet wuͤrden, welche ex matrimonio ad</Unicode>
        </TextEquiv>
      </TextLine>
      <TextLine id="line_1658303339771_2862" custom="readingOrder {index:22;}">
        <Coords points="1342,1948 1526,1951 1555,1950 1556,1944 1561,1941 1575,1941 1580,1944 1581,1950 1679,1953 1699,1950 1720,1955 1728,1952 1786,1954 1783,1946 1792,1938 1799,1941 1800,1955 1848,1949 1851,1953 1869,1957 1943,1956 1951,1949 1963,1950 1969,1956 2079,1958 2105,1962 2115,1959 2135,1959 2143,1953 2154,1953 2158,1959 2171,1960 2188,1961 2197,1955 2205,1955 2212,1961 2218,1961 2244,1958 2253,1954 2280,1953 2291,1953 2295,1959 2333,1965 2416,1964 2429,1955 2443,1956 2445,1963 2463,1963 2471,1958 2481,1958 2485,1964 2490,1964 2498,1958 2510,1958 2515,1966 2540,1960 2598,1961 2619,1968 2685,1970 2686,2016 2446,2016 2438,2023 2430,2023 2423,2016 2296,2012 2261,2015 2237,2009 2225,2012 2158,2009 2153,2012 2071,2008 2061,2012 2043,2012 2039,2017 2028,2018 2020,2012 1975,2009 1961,2005 1815,2003 1810,2008 1799,1997 1789,1994 1783,2000 1742,2002 1736,2008 1722,2008 1717,2003 1709,2003 1704,2008 1696,2010 1684,2009 1675,1999 1639,1997 1528,1997 1479,2002 1471,1999 1457,2009 1448,2009 1440,2007 1432,2000 1377,1995 1342,1995"/>
        <Baseline points="1342,1985 2686,2006"/>
        <Word id="region0001_line0027_word0000" custom="readingOrder {index:0;}">
          <Coords points="1559,1941 1556,1944 1555,1950 1526,1951 1354,1948 1354,1995 1377,1995 1380,1995 1525,1997 1528,1997 1639,1997 1661,1998 1661,1952 1581,1950 1580,1944 1576,1941"/>
          <TextEquiv conf="0.9083797">
            <Unicode>morganaticam</Unicode>
          </TextEquiv>
        </Word>
        <Word id="region0001_line0027_word0001" custom="readingOrder {index:1;}">
          <Coords points="1846,1999 1846,1949 1800,1955 1799,1941 1792,1938 1783,1946 1786,1954 1728,1952 1720,1955 1699,1950 1681,1952 1681,1997 1784,1998 1789,1994 1799,1997 1800,1998"/>
          <TextEquiv conf="0.9212451">
            <Unicode>gezeuget</Unicode>
          </TextEquiv>
        </Word>
        <Word id="region0001_line0027_word0002" custom="readingOrder {index:2;}">
          <Coords points="1948,1950 1943,1956 1871,1956 1871,2002 2040,2004 2040,1957 1969,1956 1964,1951"/>
          <TextEquiv>
            <Unicode>worden,</Unicode>
          </TextEquiv>
        </Word>
        <Word id="region0001_line0027_word0003" custom="readingOrder {index:3;}">
          <Coords points="2057,1960 2057,1995 2122,1996 2122,1961 2109,1960 2105,1962 2095,1960"/>
          <TextEquiv conf="0.9185798">
            <Unicode>um</Unicode>
          </TextEquiv>
        </Word>
        <Word id="region0001_line0027_word0004" custom="readingOrder {index:4;}">
          <Coords points="2277,1953 2253,1954 2244,1958 2218,1961 2212,1961 2205,1955 2197,1955 2188,1961 2171,1960 2158,1959 2154,1953 2143,1953 2143,1998 2332,2001 2332,1964 2295,1959 2291,1953"/>
          <TextEquiv conf="0.9298767">
            <Unicode>deswillen</Unicode>
          </TextEquiv>
        </Word>
        <Word id="region0001_line0027_word0005" custom="readingOrder {index:5;}">
          <Coords points="2358,2006 2446,2007 2446,1963 2445,1963 2443,1956 2429,1955 2416,1964 2358,1964"/>
          <TextEquiv conf="0.9307924">
            <Unicode>auch</Unicode>
          </TextEquiv>
        </Word>
        <Word id="region0001_line0027_word0006" custom="readingOrder {index:6;}">
          <Coords points="2472,1958 2471,2001 2526,2002 2526,1963 2515,1966 2510,1958 2497,1958 2490,1964 2485,1964 2481,1958"/>
          <TextEquiv conf="0.8255371">
            <Unicode>die</Unicode>
          </TextEquiv>
        </Word>
        <Word id="region0001_line0027_word0007" custom="readingOrder {index:7;}">
          <Coords points="2553,1961 2552,1998 2660,2000 2660,1969 2619,1968 2600,1961"/>
          <TextEquiv conf="0.92231023">
            <Unicode>Con-</Unicode>
          </TextEquiv>
        </Word>
        <TextEquiv>
          <Unicode>morganaticam gezeuget worden, um deswillen auch die Con-</Unicode>
        </TextEquiv>
      </TextLine>
      <TextLine id="line_1658303339773_2864" custom="readingOrder {index:23;}">
        <Coords points="1342,1998 1399,1998 1408,2007 1457,2010 1471,2000 1477,2002 1481,2010 1522,2001 1547,2004 1556,2001 1591,2009 1621,2009 1628,2008 1632,2000 1642,1998 1648,1999 1654,2008 1659,2008 1663,2000 1675,2000 1684,2010 1696,2011 1764,2010 1769,2003 1783,2001 1789,1995 1799,1998 1810,2009 1827,2005 1862,2003 1910,2012 1916,2007 1930,2007 1936,2013 1940,2013 1944,2008 1961,2006 1970,2009 1972,2015 1997,2014 2028,2019 2062,2018 2063,2012 2071,2009 2086,2011 2088,2018 2148,2019 2158,2010 2175,2011 2180,2013 2183,2021 2223,2022 2226,2012 2237,2010 2249,2013 2251,2023 2289,2022 2291,2015 2307,2013 2313,2016 2315,2022 2320,2022 2326,2014 2340,2015 2346,2023 2572,2027 2582,2016 2602,2016 2607,2025 2613,2016 2629,2016 2635,2025 2686,2027 2685,2073 2512,2071 2510,2079 2491,2082 2486,2080 2484,2071 2356,2068 2299,2071 2292,2078 2273,2079 2263,2077 2259,2071 2214,2067 2010,2063 1991,2066 1962,2065 1950,2075 1942,2073 1939,2067 1935,2072 1927,2073 1918,2062 1901,2065 1828,2064 1745,2057 1602,2058 1342,2053"/>
        <Baseline points="1342,2042 2685,2063"/>
        <Word id="region0001_line0028_word0000" custom="readingOrder {index:0;}">
          <Coords points="1357,2000 1356,2041 1501,2043 1501,2005 1481,2010 1477,2002 1475,2001 1468,2001 1457,2010 1408,2007 1401,2000"/>
          <TextEquiv conf="0.9035283">
            <Unicode>ſtitutio</Unicode>
          </TextEquiv>
        </Word>
        <Word id="region0001_line0028_word0001" custom="readingOrder {index:1;}">
          <Coords points="1554,2001 1547,2004 1522,2001 1521,2043 1750,2046 1750,2010 1696,2011 1684,2010 1677,2003 1661,2002 1659,2008 1654,2008 1650,2002 1630,2002 1628,2008 1621,2009 1591,2009 1558,2001"/>
          <TextEquiv conf="0.91690385">
            <Unicode>Mauritiana</Unicode>
          </TextEquiv>
        </Word>
        <Word id="region0001_line0028_word0002" custom="readingOrder {index:2;}">
          <Coords points="1770,2047 1808,2048 1808,2007 1799,1998 1789,1995 1783,2001 1770,2002"/>
          <TextEquiv conf="0.9315344">
            <Unicode>in</Unicode>
          </TextEquiv>
        </Word>
        <Word id="region0001_line0028_word0003" custom="readingOrder {index:3;}">
          <Coords points="1842,2004 1834,2004 1834,2060 1999,2062 1999,2014 1997,2014 1972,2015 1970,2009 1961,2006 1944,2008 1940,2013 1936,2013 1930,2007 1916,2007 1910,2012 1869,2004"/>
          <TextEquiv conf="0.9266164">
            <Unicode>Sachſen</Unicode>
          </TextEquiv>
        </Word>
        <Word id="region0001_line0028_word0004" custom="readingOrder {index:4;}">
          <Coords points="2034,2049 2208,2051 2208,2021 2183,2021 2180,2013 2175,2011 2158,2010 2148,2019 2088,2018 2086,2011 2071,2009 2063,2012 2062,2018 2034,2018"/>
          <TextEquiv conf="0.899113">
            <Unicode>adverſus</Unicode>
          </TextEquiv>
        </Word>
        <Word id="region0001_line0028_word0005" custom="readingOrder {index:5;}">
          <Coords points="2232,2064 2466,2067 2466,2025 2346,2023 2340,2015 2326,2014 2320,2022 2315,2022 2313,2016 2307,2013 2291,2015 2289,2022 2251,2023 2249,2013 2237,2010 2232,2010"/>
          <TextEquiv conf="0.9154123">
            <Unicode>legitimatos</Unicode>
          </TextEquiv>
        </Word>
        <Word id="region0001_line0028_word0006" custom="readingOrder {index:6;}">
          <Coords points="2491,2027 2559,2027 2558,2067 2490,2067"/>
          <TextEquiv conf="0.9236557">
            <Unicode>per</Unicode>
          </TextEquiv>
        </Word>
        <Word id="region0001_line0028_word0007" custom="readingOrder {index:7;}">
          <Coords points="2576,2056 2659,2057 2659,2025 2635,2025 2629,2016 2613,2016 2607,2025 2602,2016 2582,2016 2576,2021"/>
          <TextEquiv conf="0.92880476">
            <Unicode>ſub-</Unicode>
          </TextEquiv>
        </Word>
        <TextEquiv conf="0.9181961">
          <Unicode>ſtitutio Mauritiana in Sachſen adverſus legitimatos per ſub-</Unicode>
        </TextEquiv>
      </TextLine>
      <TextLine id="line_1658303339774_2866" custom="readingOrder {index:24;}">
        <Coords points="1342,2054 1364,2054 1383,2055 1388,2065 1526,2069 1627,2069 1629,2061 1633,2059 1646,2060 1651,2070 1736,2071 1741,2069 1745,2059 1760,2059 1765,2070 1895,2072 1904,2064 1918,2063 1927,2074 1950,2076 1962,2066 1980,2067 1982,2073 2000,2073 2010,2064 2027,2066 2029,2074 2146,2075 2161,2074 2168,2067 2181,2068 2185,2074 2212,2074 2218,2069 2229,2069 2238,2075 2273,2080 2343,2077 2348,2071 2356,2069 2371,2070 2374,2077 2416,2079 2420,2071 2437,2070 2442,2080 2491,2083 2505,2082 2522,2072 2531,2072 2538,2076 2554,2073 2560,2079 2685,2087 2685,2129 2638,2133 2633,2135 2540,2134 2531,2142 2521,2142 2513,2134 2478,2131 2374,2130 2367,2137 2357,2137 2348,2130 2185,2127 2099,2129 2091,2136 2083,2136 2074,2128 2010,2125 1980,2127 1972,2135 1963,2135 1956,2129 1943,2129 1934,2135 1921,2135 1913,2131 1902,2132 1892,2125 1799,2118 1427,2114 1423,2123 1409,2124 1402,2122 1398,2114 1342,2111"/>
        <Baseline points="1342,2099 1770,2107 1911,2117 2685,2120"/>
        <Word id="region0001_line0029_word0000" custom="readingOrder {index:0;}">
          <Coords points="1355,2063 1354,2112 1398,2114 1400,2118 1424,2118 1427,2114 1515,2114 1515,2068 1388,2065 1387,2063"/>
          <TextEquiv conf="0.91660154">
            <Unicode>ſequens</Unicode>
          </TextEquiv>
        </Word>
        <Word id="region0001_line0029_word0001" custom="readingOrder {index:1;}">
          <Coords points="1627,2066 1627,2069 1532,2069 1532,2106 1831,2110 1831,2071 1765,2070 1764,2068 1741,2067 1741,2069 1736,2071 1651,2070 1649,2066"/>
          <TextEquiv conf="0.87621665">
            <Unicode>matrimonium</Unicode>
          </TextEquiv>
        </Word>
        <Word id="region0001_line0029_word0002" custom="readingOrder {index:2;}">
          <Coords points="1898,2068 1895,2072 1848,2071 1848,2121 1892,2125 1894,2126 1978,2128 1980,2127 2010,2125 2074,2128 2075,2129 2095,2130 2095,2074 2029,2074 2028,2070 2002,2070 2000,2073 1982,2073 1981,2070 1957,2069 1950,2076 1927,2074 1923,2069"/>
          <TextEquiv>
            <Unicode>aufgehoben,</Unicode>
          </TextEquiv>
        </Word>
        <Word id="region0001_line0029_word0003" custom="readingOrder {index:3;}">
          <Coords points="2112,2075 2191,2076 2190,2121 2111,2120"/>
          <TextEquiv conf="0.87605715">
            <Unicode>und</Unicode>
          </TextEquiv>
        </Word>
        <Word id="region0001_line0029_word0004" custom="readingOrder {index:4;}">
          <Coords points="2219,2074 2218,2127 2374,2129 2375,2077 2374,2077 2374,2076 2344,2076 2343,2077 2273,2080 2238,2075 2237,2074"/>
          <TextEquiv conf="0.9142723">
            <Unicode>darnach</Unicode>
          </TextEquiv>
        </Word>
        <Word id="region0001_line0029_word0005" custom="readingOrder {index:5;}">
          <Coords points="2417,2076 2416,2079 2394,2078 2393,2130 2478,2131 2498,2133 2579,2134 2580,2080 2560,2079 2560,2079 2512,2078 2505,2082 2491,2083 2442,2080 2440,2077"/>
          <TextEquiv conf="0.929299">
            <Unicode>niemahls</Unicode>
          </TextEquiv>
        </Word>
        <Word id="region0001_line0029_word0006" custom="readingOrder {index:6;}">
          <Coords points="2603,2092 2659,2093 2658,2127 2602,2126"/>
          <TextEquiv>
            <Unicode>er⸗</Unicode>
          </TextEquiv>
        </Word>
        <TextEquiv>
          <Unicode>ſequens matrimonium aufgehoben, und darnach niemahls er⸗</Unicode>
        </TextEquiv>
      </TextLine>
      <TextLine id="line_1658303339774_2868" custom="readingOrder {index:25;}">
        <Coords points="1342,2111 1373,2112 1378,2116 1409,2125 1454,2124 1459,2120 1484,2125 1537,2125 1550,2124 1557,2119 1567,2119 1573,2125 1667,2128 1674,2132 1677,2146 1700,2146 1704,2149 1705,2177 1693,2183 1653,2183 1646,2187 1632,2187 1625,2180 1592,2177 1342,2172"/>
        <Baseline points="1342,2162 1705,2172"/>
        <Word id="region0001_line0030_word0000" custom="readingOrder {index:0;}">
          <Coords points="1353,2122 1353,2168 1469,2169 1469,2123 1455,2122 1454,2124 1409,2125 1400,2122"/>
          <TextEquiv conf="0.92716455">
            <Unicode>kannt</Unicode>
          </TextEquiv>
        </Word>
        <Word id="region0001_line0030_word0001" custom="readingOrder {index:1;}">
          <Coords points="1650,2179 1650,2129 1493,2127 1493,2175 1592,2177 1608,2178"/>
          <TextEquiv>
            <Unicode>worden;</Unicode>
          </TextEquiv>
        </Word>
        <TextEquiv>
          <Unicode>kannt worden;</Unicode>
        </TextEquiv>
      </TextLine>
      <TextLine id="line_1658303339775_2870" custom="readingOrder {index:26;}">
        <Coords points="1342,2179 1473,2182 1554,2178 1584,2186 1646,2188 1682,2186 1709,2179 1735,2177 1795,2182 1852,2180 1890,2185 1919,2175 1933,2175 1938,2179 1960,2180 1984,2187 2023,2192 2049,2190 2052,2188 2053,2179 2059,2175 2073,2177 2131,2175 2152,2184 2167,2186 2243,2187 2248,2192 2247,2220 2242,2225 2195,2226 2188,2235 2155,2237 2150,2241 2134,2238 2130,2244 2110,2236 2096,2237 2092,2242 2085,2244 2065,2233 2051,2232 2005,2234 1999,2239 1989,2239 1983,2234 1926,2230 1912,2230 1904,2238 1895,2237 1891,2232 1792,2234 1780,2237 1770,2232 1728,2230 1614,2229 1611,2238 1600,2240 1588,2237 1585,2229 1515,2228 1465,2221 1342,2219"/>
        <Baseline points="1342,2209 1420,2210 1613,2220 2149,2225 2247,2217"/>
        <Word id="region0001_line0031_word0000" custom="readingOrder {index:0;}">
          <Coords points="1528,2222 1704,2225 1706,2179 1682,2186 1646,2188 1584,2186 1554,2178 1530,2179"/>
          <TextEquiv>
            <Unicode>Carpzov.</Unicode>
          </TextEquiv>
        </Word>
        <Word id="region0001_line0031_word0002" custom="readingOrder {index:1;}">
          <Coords points="1717,2188 1808,2185 1808,2181 1803,2232 1725,2234"/>
          <TextEquiv>
            <Unicode>P.3.</Unicode>
          </TextEquiv>
        </Word>
        <Word id="region0001_line0031_word0003" custom="readingOrder {index:2;}">
          <Coords points="1827,2229 1940,2231 1943,2179 1938,2179 1933,2175 1919,2175 1890,2185 1852,2180 1830,2180"/>
          <TextEquiv conf="0.82761246">
            <Unicode>Conſt.</Unicode>
          </TextEquiv>
        </Word>
        <Word id="region0001_line0031_word0004" custom="readingOrder {index:3;}">
          <Coords points="1976,2200 2005,2194 1991,2223 1970,2218"/>
          <TextEquiv conf="0.91725993">
            <Unicode>14.</Unicode>
          </TextEquiv>
        </Word>
        <Word id="region0001_line0031_word0005" custom="readingOrder {index:4;}">
          <Coords points="2038,2244 2113,2245 2113,2175 2073,2177 2059,2175 2053,2179 2052,2188 2049,2190 2038,2190"/>
          <TextEquiv conf="0.70722884">
            <Unicode>def.</Unicode>
          </TextEquiv>
        </Word>
        <Word id="region0001_line0031_word0006" custom="readingOrder {index:5;}">
          <Coords points="2123,2241 2182,2242 2180,2186 2167,2186 2152,2184 2131,2175 2121,2175"/>
          <TextEquiv>
            <Unicode>|17.</Unicode>
          </TextEquiv>
        </Word>
        <TextEquiv>
          <Unicode>Carpzov. P.3. Conſt. 14. def. |17.</Unicode>
        </TextEquiv>
      </TextLine>
      <TextLine id="line_1658303339777_2872" custom="readingOrder {index:27;}">
        <Coords points="1342,2222 1384,2222 1409,2226 1430,2224 1438,2228 1449,2222 1469,2224 1476,2230 1488,2225 1502,2227 1505,2231 1535,2228 1546,2233 1600,2241 1615,2237 1642,2239 1650,2231 1660,2231 1669,2239 1729,2237 1734,2232 1746,2232 1752,2237 1770,2233 1780,2238 1810,2239 1815,2234 1829,2234 1833,2239 1870,2241 1894,2237 1904,2239 1912,2231 1926,2231 1931,2234 1944,2233 1952,2240 1988,2241 2018,2240 2035,2233 2051,2233 2058,2237 2065,2234 2085,2245 2103,2245 2105,2239 2110,2237 2130,2245 2256,2244 2269,2234 2283,2234 2290,2243 2307,2243 2314,2238 2323,2238 2329,2245 2359,2248 2382,2246 2408,2237 2427,2240 2442,2237 2452,2241 2497,2239 2562,2241 2599,2246 2610,2254 2618,2255 2686,2257 2685,2309 2652,2309 2639,2313 2629,2305 2590,2306 2582,2308 2576,2315 2565,2316 2558,2307 2535,2307 2527,2304 2511,2304 2499,2312 2492,2311 2486,2303 2480,2300 2447,2303 2439,2309 2430,2309 2422,2302 2401,2307 2394,2301 2334,2297 2314,2300 2282,2296 2268,2304 2263,2298 2248,2296 2205,2297 2192,2294 2182,2302 2170,2302 2162,2293 2151,2293 2136,2299 2095,2293 2043,2294 2037,2290 2026,2290 2016,2294 1999,2289 1981,2289 1951,2294 1932,2289 1921,2293 1900,2293 1824,2287 1741,2289 1706,2286 1695,2288 1690,2284 1667,2284 1641,2288 1635,2285 1551,2286 1502,2282 1487,2287 1484,2284 1455,2283 1447,2280 1424,2283 1411,2280 1342,2278"/>
        <Baseline points="1342,2267 1453,2272 2685,2298"/>
        <Word id="region0001_line0033_word0001" custom="readingOrder {index:0;}">
          <Coords points="1506,2238 1353,2236 1352,2279 1411,2280 1424,2283 1447,2280 1455,2283 1484,2284 1485,2285 1490,2285 1502,2282 1505,2282"/>
          <TextEquiv conf="0.92723894">
            <Unicode>Endlich</Unicode>
          </TextEquiv>
        </Word>
        <Word id="region0001_line0033_word0002" custom="readingOrder {index:1;}">
          <Coords points="1525,2241 1571,2242 1570,2282 1524,2281"/>
          <TextEquiv conf="0.932545">
            <Unicode>da</Unicode>
          </TextEquiv>
        </Word>
        <Word id="region0001_line0033_word0003" custom="readingOrder {index:2;}">
          <Coords points="1595,2242 1711,2244 1710,2284 1594,2282"/>
          <TextEquiv conf="0.9314256">
            <Unicode>weder</Unicode>
          </TextEquiv>
        </Word>
        <Word id="region0001_line0033_word0004" custom="readingOrder {index:3;}">
          <Coords points="1737,2243 1792,2244 1791,2285 1736,2284"/>
          <TextEquiv conf="0.925667">
            <Unicode>die</Unicode>
          </TextEquiv>
        </Word>
        <Word id="region0001_line0033_word0005" custom="readingOrder {index:4;}">
          <Coords points="1818,2240 1817,2287 1824,2287 1900,2293 1921,2293 1932,2289 1951,2294 1981,2289 1999,2289 1999,2289 2000,2242 1872,2241 1870,2241 1860,2240"/>
          <TextEquiv conf="0.92616564">
            <Unicode>deutſchen</Unicode>
          </TextEquiv>
        </Word>
        <Word id="region0001_line0033_word0006" custom="readingOrder {index:5;}">
          <Coords points="2017,2243 2016,2293 2026,2290 2037,2290 2043,2294 2095,2293 2136,2299 2151,2293 2162,2293 2168,2299 2184,2300 2185,2245 2163,2244 2130,2245 2128,2244 2103,2244 2103,2245 2085,2245 2082,2243"/>
          <TextEquiv conf="0.92443675">
            <Unicode>Koͤnige,</Unicode>
          </TextEquiv>
        </Word>
        <Word id="region0001_line0033_word0007" custom="readingOrder {index:6;}">
          <Coords points="2288,2245 2223,2244 2201,2244 2200,2296 2205,2297 2248,2296 2263,2298 2264,2299 2277,2299 2282,2296 2287,2297"/>
          <TextEquiv conf="0.9289193">
            <Unicode>noch</Unicode>
          </TextEquiv>
        </Word>
        <Word id="region0001_line0033_word0008" custom="readingOrder {index:7;}">
          <Coords points="2313,2245 2312,2300 2314,2300 2334,2297 2394,2301 2396,2303 2416,2303 2422,2302 2424,2303 2446,2304 2447,2303 2468,2301 2469,2247 2382,2246 2382,2246 2359,2248 2331,2245"/>
          <TextEquiv conf="0.92789674">
            <Unicode>deutſche</Unicode>
          </TextEquiv>
        </Word>
        <Word id="region0001_line0033_word0009" custom="readingOrder {index:8;}">
          <Coords points="2485,2248 2484,2302 2486,2303 2489,2307 2506,2307 2511,2304 2527,2304 2535,2307 2558,2307 2559,2308 2582,2308 2582,2308 2590,2306 2629,2305 2634,2309 2654,2309 2655,2256 2618,2255 2610,2254 2604,2249"/>
          <TextEquiv conf="0.93050987">
            <Unicode>Fuͤrſten,</Unicode>
          </TextEquiv>
        </Word>
        <TextEquiv conf="0.8680753">
          <Unicode>Endlich da weder die deutſchen Koͤnige, noch deutſche Fuͤrſten,</Unicode>
        </TextEquiv>
      </TextLine>
      <TextLine id="line_1658303339778_2874" custom="readingOrder {index:28;}">
        <Coords points="1342,2288 1347,2289 1356,2280 1385,2281 1390,2288 1402,2281 1415,2283 1417,2289 1432,2289 1441,2281 1452,2282 1458,2289 1487,2290 1498,2284 1507,2283 1523,2285 1526,2290 1531,2291 1613,2292 1624,2285 1635,2286 1643,2292 1655,2292 1657,2288 1667,2285 1690,2285 1696,2290 1706,2287 1718,2287 1729,2294 1786,2293 1793,2289 1818,2288 1831,2289 1835,2293 1861,2290 1867,2296 1925,2296 1932,2290 1952,2296 1973,2295 1981,2290 1999,2290 2005,2295 2015,2295 2021,2292 2037,2291 2043,2298 2060,2298 2064,2294 2076,2293 2082,2298 2137,2300 2151,2294 2162,2294 2170,2303 2182,2303 2192,2295 2204,2297 2209,2303 2244,2304 2268,2305 2282,2297 2290,2297 2296,2303 2312,2303 2315,2300 2334,2298 2352,2301 2356,2307 2407,2309 2415,2303 2422,2303 2430,2310 2457,2309 2466,2301 2480,2301 2486,2304 2492,2312 2499,2313 2511,2305 2527,2305 2537,2308 2539,2315 2565,2317 2581,2314 2590,2307 2601,2307 2607,2311 2618,2306 2629,2306 2639,2314 2652,2310 2685,2311 2685,2364 2631,2364 2625,2369 2617,2369 2612,2365 2530,2364 2520,2365 2513,2373 2505,2373 2498,2365 2477,2364 2471,2370 2462,2370 2455,2363 2442,2362 2397,2360 2391,2366 2383,2366 2374,2359 2341,2359 2330,2363 2314,2361 2309,2357 2147,2352 2109,2347 2079,2350 2009,2349 1997,2350 1991,2355 1979,2355 1969,2349 1884,2342 1874,2346 1726,2344 1715,2350 1703,2348 1701,2343 1647,2341 1634,2349 1622,2348 1616,2342 1553,2339 1545,2341 1528,2340 1517,2348 1507,2347 1504,2341 1420,2339 1415,2344 1403,2342 1397,2337 1384,2336 1371,2339 1367,2346 1358,2348 1350,2346 1347,2340 1342,2340"/>
        <Baseline points="1342,2328 2118,2338 2484,2354 2685,2354"/>
        <Word id="region0001_line0034_word0000" custom="readingOrder {index:0;}">
          <Coords points="1419,2293 1352,2292 1351,2346 1358,2348 1367,2346 1371,2339 1384,2336 1397,2337 1403,2342 1415,2344 1418,2340"/>
          <TextEquiv conf="0.92922044">
            <Unicode>ſich</Unicode>
          </TextEquiv>
        </Word>
        <Word id="region0001_line0034_word0001" custom="readingOrder {index:1;}">
          <Coords points="1439,2295 1475,2296 1475,2339 1439,2338"/>
          <TextEquiv conf="0.73951226">
            <Unicode>in</Unicode>
          </TextEquiv>
        </Word>
        <Word id="region0001_line0034_word0002" custom="readingOrder {index:2;}">
          <Coords points="1586,2297 1494,2296 1493,2340 1504,2341 1507,2347 1508,2347 1518,2347 1528,2340 1545,2341 1553,2339 1585,2340"/>
          <TextEquiv conf="0.9321726">
            <Unicode>ihrer</Unicode>
          </TextEquiv>
        </Word>
        <Word id="region0001_line0034_word0003" custom="readingOrder {index:3;}">
          <Coords points="1773,2299 1602,2297 1601,2341 1616,2342 1622,2348 1634,2349 1647,2341 1701,2343 1703,2348 1715,2350 1726,2344 1772,2344"/>
          <TextEquiv conf="0.9281865">
            <Unicode>ehelichen</Unicode>
          </TextEquiv>
        </Word>
        <Word id="region0001_line0034_word0004" custom="readingOrder {index:4;}">
          <Coords points="1888,2303 1789,2302 1788,2344 1874,2346 1884,2342 1887,2342"/>
          <TextEquiv conf="0.92697">
            <Unicode>Liebe</Unicode>
          </TextEquiv>
        </Word>
        <Word id="region0001_line0034_word0005" custom="readingOrder {index:5;}">
          <Coords points="1960,2346 1960,2304 1907,2303 1907,2343 1924,2345"/>
          <TextEquiv conf="0.9306089">
            <Unicode>die</Unicode>
          </TextEquiv>
        </Word>
        <Word id="region0001_line0034_word0006" custom="readingOrder {index:6;}">
          <Coords points="2108,2303 1969,2301 1968,2349 1969,2349 1979,2355 1991,2355 1997,2350 2009,2349 2079,2350 2107,2347"/>
          <TextEquiv conf="0.9302785">
            <Unicode>Haͤnde</Unicode>
          </TextEquiv>
        </Word>
        <Word id="region0001_line0034_word0007" custom="readingOrder {index:7;}">
          <Coords points="2126,2304 2257,2306 2256,2351 2125,2349"/>
          <TextEquiv conf="0.9306182">
            <Unicode>binden</Unicode>
          </TextEquiv>
        </Word>
        <Word id="region0001_line0034_word0008" custom="readingOrder {index:8;}">
          <Coords points="2276,2305 2275,2355 2309,2357 2314,2361 2316,2361 2334,2361 2341,2359 2374,2359 2377,2361 2393,2362 2393,2308 2356,2307 2355,2305"/>
          <TextEquiv conf="0.9266524">
            <Unicode>laſſen,</Unicode>
          </TextEquiv>
        </Word>
        <Word id="region0001_line0034_word0009" custom="readingOrder {index:9;}">
          <Coords points="2414,2306 2413,2360 2422,2361 2483,2362 2484,2307 2459,2306 2457,2309 2430,2310 2425,2306"/>
          <TextEquiv conf="0.9255639">
            <Unicode>daß</Unicode>
          </TextEquiv>
        </Word>
        <Word id="region0001_line0034_word0010" custom="readingOrder {index:10;}">
          <Coords points="2505,2309 2503,2309 2503,2364 2530,2364 2548,2364 2548,2315 2539,2315 2537,2309"/>
          <TextEquiv conf="0.65276563">
            <Unicode>ſie</Unicode>
          </TextEquiv>
        </Word>
        <Word id="region0001_line0034_word0011" custom="readingOrder {index:11;}">
          <Coords points="2585,2310 2581,2314 2565,2317 2558,2316 2558,2358 2652,2360 2653,2312 2645,2311 2639,2314 2636,2311"/>
          <TextEquiv>
            <Unicode>nicht</Unicode>
          </TextEquiv>
        </Word>
        <TextEquiv>
          <Unicode>ſich in ihrer ehelichen Liebe die Haͤnde binden laſſen, daß ſie nicht</Unicode>
        </TextEquiv>
      </TextLine>
      <TextLine id="line_1658303339780_2876" custom="readingOrder {index:29;}">
        <Coords points="1342,2348 1359,2349 1369,2347 1374,2340 1384,2337 1397,2338 1403,2343 1414,2344 1415,2348 1517,2349 1528,2341 1544,2343 1553,2340 1562,2340 1567,2346 1573,2342 1585,2342 1590,2346 1634,2350 1647,2342 1660,2342 1665,2348 1715,2351 1736,2345 1760,2343 1794,2344 1836,2351 1870,2352 1872,2347 1884,2343 1901,2346 1903,2353 1979,2356 2078,2357 2087,2348 2108,2348 2121,2351 2123,2359 2130,2360 2161,2360 2167,2353 2181,2353 2199,2354 2203,2362 2230,2364 2277,2364 2309,2358 2314,2362 2334,2364 2344,2361 2361,2366 2390,2369 2408,2370 2414,2364 2424,2364 2433,2370 2483,2374 2517,2374 2530,2365 2541,2366 2545,2373 2652,2373 2685,2377 2686,2420 2588,2425 2576,2435 2566,2435 2560,2428 2546,2427 2534,2435 2524,2435 2519,2430 2505,2430 2499,2435 2486,2436 2475,2429 2429,2422 2298,2422 2264,2418 2202,2416 2192,2426 2181,2426 2174,2416 2111,2413 2104,2422 2081,2421 2075,2411 2049,2409 1892,2404 1887,2411 1879,2412 1867,2411 1861,2406 1827,2402 1771,2406 1728,2402 1717,2393 1693,2398 1545,2399 1538,2404 1530,2404 1525,2399 1404,2400 1401,2406 1386,2406 1371,2398 1342,2397"/>
        <Baseline points="1342,2387 1718,2387 2493,2419 2686,2411"/>
        <Word id="region0001_line0035_word0000" custom="readingOrder {index:0;}">
          <Coords points="1586,2352 1351,2349 1351,2397 1371,2398 1384,2405 1401,2405 1404,2400 1525,2399 1530,2404 1538,2404 1545,2399 1586,2398"/>
          <TextEquiv conf="0.9252213">
            <Unicode>offtermahls</Unicode>
          </TextEquiv>
        </Word>
        <Word id="region0001_line0035_word0001" custom="readingOrder {index:1;}">
          <Coords points="1733,2399 1733,2356 1610,2354 1610,2397 1677,2398 1693,2398 1717,2393 1724,2398"/>
          <TextEquiv conf="0.84485847">
            <Unicode>erbare</Unicode>
          </TextEquiv>
        </Word>
        <Word id="region0001_line0035_word0002" custom="readingOrder {index:2;}">
          <Coords points="1757,2351 1757,2405 1771,2406 1827,2402 1861,2406 1865,2409 1888,2410 1892,2404 2006,2408 2006,2356 1979,2356 1903,2353 1903,2353"/>
          <TextEquiv>
            <Unicode>Jungfrauen</Unicode>
          </TextEquiv>
        </Word>
        <Word id="region0001_line0035_word0003" custom="readingOrder {index:3;}">
          <Coords points="2079,2355 2078,2357 2030,2356 2030,2408 2049,2409 2075,2411 2077,2414 2109,2414 2111,2413 2144,2414 2144,2360 2130,2360 2123,2359 2122,2355"/>
          <TextEquiv conf="0.92700577">
            <Unicode>auſſer</Unicode>
          </TextEquiv>
        </Word>
        <Word id="region0001_line0035_word0004" custom="readingOrder {index:4;}">
          <Coords points="2167,2359 2167,2416 2174,2416 2174,2416 2201,2417 2202,2416 2245,2417 2280,2418 2280,2363 2277,2364 2230,2364 2203,2362 2202,2360"/>
          <TextEquiv conf="0.9300644">
            <Unicode>ihrem</Unicode>
          </TextEquiv>
        </Word>
        <Word id="region0001_line0035_word0005" custom="readingOrder {index:5;}">
          <Coords points="2298,2360 2298,2360 2298,2409 2456,2411 2456,2372 2433,2370 2424,2364 2414,2364 2408,2370 2390,2369 2361,2366 2344,2361 2334,2364 2314,2362 2312,2360"/>
          <TextEquiv>
            <Unicode>Stande</Unicode>
          </TextEquiv>
        </Word>
        <Word id="region0001_line0035_word0006" custom="readingOrder {index:6;}">
          <Coords points="2529,2365 2517,2374 2483,2374 2481,2373 2481,2419 2649,2421 2657,2421 2657,2373 2652,2373 2545,2373 2541,2366 2537,2365"/>
          <TextEquiv conf="0.22361672">
            <Unicode>geheyra⸗</Unicode>
          </TextEquiv>
        </Word>
        <TextEquiv>
          <Unicode>offtermahls erbare Jungfrauen auſſer ihrem Stande geheyra⸗</Unicode>
        </TextEquiv>
      </TextLine>
      <TextLine id="line_1658303339780_2878" custom="readingOrder {index:30;}">
        <Coords points="1342,2403 1350,2404 1371,2399 1386,2407 1398,2408 1460,2404 1465,2400 1479,2401 1482,2405 1489,2406 1538,2407 1608,2405 1612,2400 1619,2399 1634,2406 1644,2398 1655,2399 1660,2405 1689,2401 1712,2394 1720,2395 1728,2403 1742,2405 1814,2406 1818,2409 1841,2409 1843,2405 1849,2405 1861,2407 1867,2412 1896,2413 1901,2418 1901,2431 1948,2433 1951,2437 1951,2464 1945,2469 1884,2468 1878,2473 1867,2473 1861,2467 1826,2462 1821,2462 1815,2470 1808,2470 1800,2459 1743,2462 1736,2469 1722,2469 1715,2462 1571,2456 1448,2462 1440,2469 1430,2469 1424,2462 1388,2460 1378,2467 1366,2467 1360,2460 1342,2459"/>
        <Baseline points="1342,2449 1449,2452 1619,2446 1951,2458"/>
        <Word id="region0001_line0036_word0000" custom="readingOrder {index:0;}">
          <Coords points="1353,2403 1350,2404 1347,2403 1347,2458 1445,2459 1445,2404 1398,2408 1386,2407 1379,2403"/>
          <TextEquiv>
            <Unicode>thet,</Unicode>
          </TextEquiv>
        </Word>
        <Word id="region0001_line0036_word0001" custom="readingOrder {index:1;}">
          <Coords points="1467,2406 1590,2408 1589,2452 1466,2450"/>
          <TextEquiv conf="0.92639375">
            <Unicode>davon</Unicode>
          </TextEquiv>
        </Word>
        <Word id="region0001_line0036_word0002" custom="readingOrder {index:2;}">
          <Coords points="1616,2407 1670,2408 1669,2453 1615,2452"/>
          <TextEquiv conf="0.82848334">
            <Unicode>die</Unicode>
          </TextEquiv>
        </Word>
        <Word id="region0001_line0036_word0003" custom="readingOrder {index:3;}">
          <Coords points="1701,2397 1689,2401 1687,2401 1686,2461 1715,2462 1715,2462 1742,2463 1743,2462 1800,2459 1803,2464 1819,2464 1821,2462 1826,2462 1843,2464 1882,2465 1883,2413 1867,2412 1861,2407 1849,2405 1843,2405 1841,2409 1818,2409 1814,2406 1742,2405 1728,2403 1723,2398"/>
          <TextEquiv>
            <Unicode>Exempel,</Unicode>
          </TextEquiv>
        </Word>
        <TextEquiv>
          <Unicode>thet, davon die Exempel,</Unicode>
        </TextEquiv>
      </TextLine>
      <TextLine id="region0001_line0037" custom="readingOrder {index:31;}">
        <Coords points="1571,2457 1563,2467 1545,2461 1524,2461 1518,2465 1483,2465 1455,2470 1450,2475 1449,2508 1454,2513 1688,2511 1859,2517 1862,2519 1863,2528 1872,2532 1881,2531 1888,2518 1904,2517 2080,2524 2121,2529 2133,2529 2138,2526 2198,2527 2203,2522 2204,2489 2199,2484 2095,2482 2093,2475 2087,2469 2076,2470 2070,2480 2055,2480 2050,2476 2041,2476 2036,2480 2020,2480 1965,2477 1963,2469 1959,2466 1950,2466 1944,2470 1941,2477 1896,2475 1892,2472 1850,2472 1844,2465 1839,2464 1831,2464 1824,2471 1808,2471 1800,2460 1786,2461 1782,2470 1621,2469 1596,2468 1584,2458"/>
        <Baseline points="1449,2502 1758,2503 2203,2517"/>
        <Word id="region0001_line0037_word0000" custom="readingOrder {index:0;} textStyle {offset:0; length:10;italic:true; fontSize:0.0; kerning:0;}">
          <Coords points="1568,2460 1563,2467 1545,2461 1524,2461 1518,2465 1515,2465 1515,2500 1745,2503 1745,2469 1621,2469 1596,2468 1587,2460"/>
          <TextEquiv conf="0.8633183">
            <Unicode>Feltmannus</Unicode>
          </TextEquiv>
        </Word>
        <Word id="region0001_line0037_word0001" custom="readingOrder {index:1;} textStyle {offset:0; length:2;italic:true; fontSize:0.0; kerning:0;}">
          <Coords points="1785,2461 1782,2470 1770,2469 1770,2501 1813,2502 1813,2471 1808,2471 1801,2461"/>
          <TextEquiv conf="0.91639304">
            <Unicode>de</Unicode>
          </TextEquiv>
        </Word>
        <Word id="region0001_line0037_word0002" custom="readingOrder {index:2;} textStyle {offset:0; length:6;italic:true; fontSize:0.0; kerning:0;}">
          <Coords points="1830,2465 1824,2471 1824,2471 1823,2516 1836,2516 1901,2517 1904,2517 1913,2517 1955,2518 1956,2467 1949,2467 1944,2470 1941,2477 1896,2475 1892,2472 1850,2472 1844,2465"/>
          <TextEquiv conf="0.55465907">
            <Unicode>lmpari</Unicode>
          </TextEquiv>
        </Word>
        <Word id="region0001_line0037_word0003" custom="readingOrder {index:3;} textStyle {offset:0; length:7;italic:true; fontSize:0.0; kerning:0;}">
          <Coords points="1970,2508 2133,2510 2133,2482 2095,2482 2093,2475 2087,2469 2076,2470 2070,2480 2055,2480 2050,2476 2041,2476 2036,2480 2020,2480 1970,2477"/>
          <TextEquiv conf="0.8875428">
            <Unicode>matrim.</Unicode>
          </TextEquiv>
        </Word>
        <TextEquiv conf="0.80547833">
          <Unicode>Feltmannus de lmpari matrim.</Unicode>
        </TextEquiv>
      </TextLine>
      <TextLine id="region0001_line0038" custom="readingOrder {index:32;}">
        <Coords points="1904,2518 1899,2522 1889,2523 1883,2532 1875,2533 1861,2531 1853,2521 1844,2521 1838,2528 1832,2529 1762,2526 1752,2519 1733,2520 1726,2525 1682,2527 1678,2519 1666,2518 1660,2528 1605,2527 1603,2519 1599,2516 1584,2516 1578,2525 1565,2524 1559,2520 1450,2518 1445,2523 1445,2558 1454,2572 1538,2571 1541,2578 1560,2581 1574,2571 1589,2570 1848,2574 1855,2569 1861,2570 1870,2577 1871,2585 1884,2584 1888,2577 1905,2577 1921,2580 1929,2588 1937,2589 1945,2582 1984,2581 1986,2588 1991,2591 2007,2581 2050,2586 2056,2591 2070,2591 2079,2586 2153,2583 2159,2578 2159,2545 2154,2540 1921,2535 1920,2519"/>
        <Baseline points="1447,2561 1814,2562 1948,2572 2159,2573"/>
        <Word id="region0001_line0038_word0000" custom="readingOrder {index:0;} textStyle {offset:0; length:6;italic:true; fontSize:0.0; kerning:0;}">
          <Coords points="1516,2521 1516,2571 1525,2571 1538,2571 1538,2571 1573,2572 1574,2571 1589,2570 1635,2571 1635,2528 1605,2527 1604,2522 1580,2522 1578,2525 1565,2524 1562,2522"/>
          <TextEquiv conf="0.9222472">
            <Unicode>Myler.</Unicode>
          </TextEquiv>
        </Word>
        <Word id="region0001_line0038_word0001" custom="readingOrder {index:1;} textStyle {offset:0; length:2;italic:true; fontSize:0.0; kerning:0;}">
          <Coords points="1662,2524 1660,2528 1660,2560 1701,2560 1701,2526 1682,2527 1680,2524"/>
          <TextEquiv conf="0.9222472">
            <Unicode>in</Unicode>
          </TextEquiv>
        </Word>
        <Word id="region0001_line0038_word0002" custom="readingOrder {index:2;} textStyle {offset:0; length:10;italic:true; fontSize:0.0; kerning:0;}">
          <Coords points="1903,2518 1899,2522 1889,2523 1883,2532 1875,2533 1861,2531 1853,2521 1844,2521 1838,2528 1832,2529 1762,2526 1752,2519 1733,2520 1726,2525 1724,2525 1724,2572 1848,2573 1855,2569 1861,2570 1866,2573 1940,2575 1940,2535 1921,2535 1920,2519 1914,2518"/>
          <TextEquiv>
            <Unicode>Gamologia,</Unicode>
          </TextEquiv>
        </Word>
        <Word id="region0001_line0038_word0003" custom="readingOrder {index:3;} textStyle {offset:0; length:4;italic:true; fontSize:0.0; kerning:0;}">
          <Coords points="1957,2572 2027,2573 2027,2537 1957,2535"/>
          <TextEquiv conf="0.8533397">
            <Unicode>cap.</Unicode>
          </TextEquiv>
        </Word>
        <Word id="region0001_line0038_word0004" custom="readingOrder {index:4;} textStyle {offset:0; length:3;italic:true; fontSize:0.0; kerning:0;}">
          <Coords points="2047,2570 2093,2571 2093,2538 2047,2537"/>
          <TextEquiv conf="0.82318366">
            <Unicode>23.</Unicode>
          </TextEquiv>
        </Word>
        <TextEquiv>
          <Unicode>Myler. in Gamologia, cap. 23.</Unicode>
        </TextEquiv>
      </TextLine>
      <TextLine id="region0001_line0039" custom="readingOrder {index:33;}">
        <Coords points="1855,2570 1849,2574 1848,2583 1852,2590 1776,2585 1767,2580 1755,2580 1747,2585 1720,2586 1718,2576 1713,2572 1701,2572 1695,2578 1694,2587 1656,2589 1632,2588 1630,2581 1626,2576 1617,2576 1610,2582 1601,2582 1597,2585 1567,2584 1541,2579 1539,2576 1451,2577 1446,2582 1446,2617 1447,2624 1452,2629 1750,2633 1753,2643 1757,2646 1775,2645 1780,2633 1884,2636 1917,2642 2052,2645 2054,2655 2065,2660 2076,2659 2081,2645 2280,2648 2282,2659 2290,2663 2346,2664 2381,2660 2434,2663 2461,2659 2465,2647 2554,2645 2589,2639 2602,2641 2619,2638 2624,2633 2624,2598 2619,2593 2541,2592 2530,2599 2503,2602 2371,2602 2366,2595 2352,2593 2345,2588 2332,2588 2322,2592 2296,2596 2289,2591 2272,2589 2264,2581 2256,2581 2248,2589 2218,2588 2191,2592 2141,2591 2137,2586 2128,2584 2115,2590 2112,2602 2088,2601 2084,2598 2074,2598 2070,2601 2030,2601 2017,2600 2015,2587 2007,2582 1992,2591 1988,2598 1972,2597 1966,2592 1959,2591 1944,2594 1916,2592 1914,2581 1905,2578 1892,2579 1887,2592 1885,2585 1871,2586 1869,2577 1861,2571"/>
        <Baseline points="1447,2620 2268,2639 2324,2650 2374,2651 2468,2636 2624,2632"/>
        <Word id="region0001_line0039_word0000" custom="readingOrder {index:0;} textStyle {offset:0; length:7;italic:true; fontSize:0.0; kerning:0;}">
          <Coords points="1517,2580 1517,2619 1666,2621 1666,2588 1656,2589 1632,2588 1630,2581 1610,2581 1610,2582 1601,2582 1597,2585 1567,2584 1548,2580"/>
          <TextEquiv conf="0.9144104">
            <Unicode>Hertius</Unicode>
          </TextEquiv>
        </Word>
        <Word id="region0001_line0039_word0001" custom="readingOrder {index:1;} textStyle {offset:0; length:2;italic:true; fontSize:0.0; kerning:0;}">
          <Coords points="1698,2575 1695,2578 1694,2587 1684,2588 1683,2619 1727,2620 1728,2586 1720,2586 1718,2576 1718,2576"/>
          <TextEquiv conf="0.9200113">
            <Unicode>de</Unicode>
          </TextEquiv>
        </Word>
        <Word id="region0001_line0039_word0002" custom="readingOrder {index:2;} textStyle {offset:0; length:10;italic:true; fontSize:0.0; kerning:0;}">
          <Coords points="1855,2570 1849,2574 1848,2583 1852,2590 1776,2585 1767,2580 1755,2580 1747,2585 1745,2585 1744,2633 1750,2633 1750,2633 1780,2633 1780,2633 1804,2634 1919,2635 1920,2592 1916,2592 1914,2581 1905,2578 1892,2579 1887,2592 1885,2585 1871,2586 1869,2577 1861,2571 1857,2570"/>
          <TextEquiv conf="0.80971533">
            <Unicode>Specialib.</Unicode>
          </TextEquiv>
        </Word>
        <Word id="region0001_line0039_word0003" custom="readingOrder {index:3;} textStyle {offset:0; length:5;italic:true; fontSize:0.0; kerning:0;}">
          <Coords points="1939,2626 2054,2627 2054,2601 2030,2601 2017,2600 2015,2587 2007,2582 1992,2591 1988,2598 1972,2597 1966,2592 1959,2591 1944,2594 1939,2593"/>
          <TextEquiv conf="0.746856">
            <Unicode>Rebus</Unicode>
          </TextEquiv>
        </Word>
        <Word id="region0001_line0039_word0004" custom="readingOrder {index:4;} textStyle {offset:0; length:5;italic:true; fontSize:0.0; kerning:0;}">
          <Coords points="2062,2641 2154,2642 2154,2591 2141,2591 2137,2586 2128,2584 2115,2590 2112,2602 2088,2601 2084,2598 2074,2598 2070,2601 2062,2601"/>
          <TextEquiv conf="0.7736119">
            <Unicode>publ.</Unicode>
          </TextEquiv>
        </Word>
        <Word id="region0001_line0039_word0005" custom="readingOrder {index:5;} textStyle {offset:0; length:5;italic:true; fontSize:0.0; kerning:0;}">
          <Coords points="2170,2628 2264,2629 2264,2581 2264,2581 2256,2581 2248,2589 2218,2588 2191,2592 2170,2591"/>
          <TextEquiv conf="0.87779784">
            <Unicode>Sect.</Unicode>
          </TextEquiv>
        </Word>
        <Word id="region0001_line0039_word0006" custom="readingOrder {index:6;} textStyle {offset:0; length:2;italic:true; fontSize:0.0; kerning:0;}">
          <Coords points="2272,2601 2301,2601 2301,2628 2272,2628"/>
          <TextEquiv conf="0.79496497">
            <Unicode>2.</Unicode>
          </TextEquiv>
        </Word>
        <Word id="region0001_line0039_word0007" custom="readingOrder {index:7;} textStyle {offset:0; length:2;italic:true; fontSize:0.0; kerning:0;}">
          <Coords points="2321,2641 2356,2642 2356,2593 2352,2593 2345,2588 2332,2588 2322,2592 2321,2592"/>
          <TextEquiv conf="0.76229006">
            <Unicode>§.</Unicode>
          </TextEquiv>
        </Word>
        <Word id="region0001_line0039_word0008" custom="readingOrder {index:8;} textStyle {offset:0; length:2;italic:true; fontSize:0.0; kerning:0;}">
          <Coords points="2375,2634 2409,2635 2409,2602 2375,2602"/>
          <TextEquiv>
            <Unicode>5.</Unicode>
          </TextEquiv>
        </Word>
        <Word id="region0001_line0039_word0009" custom="readingOrder {index:9;} textStyle {offset:0; length:2;italic:true; fontSize:0.0; kerning:0;}">
          <Coords points="2429,2643 2468,2643 2468,2602 2429,2602"/>
          <TextEquiv conf="0.8407644">
            <Unicode>p.</Unicode>
          </TextEquiv>
        </Word>
        <Word id="region0001_line0039_word0010" custom="readingOrder {index:10;} textStyle {offset:0; length:4;italic:true; fontSize:0.0; kerning:0;}">
          <Coords points="2490,2628 2556,2628 2556,2592 2541,2592 2530,2599 2503,2602 2490,2602"/>
          <TextEquiv>
            <Unicode>106.</Unicode>
          </TextEquiv>
        </Word>
        <TextEquiv>
          <Unicode>Hertius de Specialib. Rebus publ. Sect. 2. §. 5. p. 106.</Unicode>
        </TextEquiv>
      </TextLine>
      <TextEquiv>
        <Unicode>was den gemeinen Lehns⸗Text angehet, ſolcher entweder de le-&#13;
gitimatis per Reſcriptum anzunehmen, oder doch dafuͤr zu hal⸗&#13;
ten iſt, daß ſelbiger in keinem andern Verſtand in denen deut⸗&#13;
ſchen Lehns⸗Curien angenommen und eingefuͤhret worden, an&#13;
welcher Interpretatione uſuali ſich auch andere diesfalls genug&#13;
ſeyn laſſen,&#13;
Bitſchius ad 2. F. 26.§. Naturales. p. 427.&#13;
Meier in Colleg. Argentor. Lib. 25. tit.7. theſ. II.&#13;
von welchen Gewohnheiten, da, obgeſagter maaſſen, die Cano-&#13;
niſten einmuͤthig zeugen, ſelbige zur Gnuͤge erwieſen, und dar⸗&#13;
gethan ſeyn, dasjenige hingegen, was de fraude adverſus aper-&#13;
turas Feudorum angefuͤhret worden, hieher deshalben nicht ge⸗&#13;
hoͤret, theils weil dergleichen Dolus gar nicht, vielmehr adfe-&#13;
ctio maritalis, præſumiret wird, theils auch, weil, ſolange Lehns⸗&#13;
faͤhige Kinder vorhanden, weder der Lehn⸗Herr, noch die Mit⸗&#13;
belehnte, befugt ſeyn, ſich darwider zu beſchweren, oder eine aper-&#13;
turam, vel delatam ſucceſſionem, anzugeben, der Locus von&#13;
ebenbuͤrtigen in dem Jure Feudali Alemannico bereits von dem&#13;
Schiltero ad Cap. 41. Jur. Alem.&#13;
dahin erklaͤhret iſt, daß ebenbuͤrtig hieſelbſt nicht den Kindern,&#13;
welche per ſubſequens matrimonium legitimiret, ſondern nur&#13;
den jenigen entgegen geſetzet wuͤrden, welche ex matrimonio ad&#13;
morganaticam gezeuget worden, um deswillen auch die Con-&#13;
ſtitutio Mauritiana in Sachſen adverſus legitimatos per ſub-&#13;
ſequens matrimonium aufgehoben, und darnach niemahls er⸗&#13;
kannt worden;&#13;
Carpzov. P.3. Conſt. 14. def. |17.&#13;
J Endlich da weder die deutſchen Koͤnige, noch deutſche Fuͤrſten,&#13;
ſich in ihrer ehelichen Liebe die Haͤnde binden laſſen, daß ſie nicht&#13;
offtermahls erbare Jungfrauen auſſer ihrem Stande geheyra⸗&#13;
thet, davon die Exempel,&#13;
Feltmannus de lmpari matrim.&#13;
Myler. in Gamologia, cap. 23.&#13;
Hertius de Specialib. Rebus publ. Sect. 2. §. 5. p. 106.</Unicode>
      </TextEquiv>
    </TextRegion>
  </Page>
</PcGts>