2386 2747
623 328 709 376 106

1093 309 1457 351 APOLOGIA
1457 309 1544 351 A.
1544 309 1614 351 C.

509 764 533 786 1.
544 743 600 793 Joh.
612 755 638 781 5.

560 795 598 819 12.

517 987 649 1019 Luc.17.10

639 412 673 441 S.
679 398 874 447 Bernhardi,
890 396 946 455 ſie
951 390 1097 449 moͤchten
1125 393 1205 441 doch
1216 386 1383 441 denſelben
1392 385 1576 444 glaͤuben/
1606 385 1652 427 ob
1666 383 1708 434 ſie
1720 387 1789 424 uns
1802 381 1887 429 nicht
1923 373 2096 428 glaͤuben„

643 469 773 512 wolten.

690 510 866 554 Darum/
891 503 998 546 damit
1012 495 1061 532 die
1073 489 1212 540 Hertzen
1231 486 1284 526 ein
1296 470 1423 543 rechten
1440 475 1582 542 gewiſſen
1590 478 1696 530 Troſt
1713 480 1784 521 und
1791 471 1973 536 Hoffnung
1989 472 2096 518 haben

643 561 776 613 moͤgen/
784 560 815 608 ſo
820 557 938 607 weiſen
944 556 1007 597 wir
1013 548 1087 598 ſie/
1102 545 1150 585 wie
1155 541 1266 590 Paulus
1272 535 1367 594 thut/
1385 525 1464 586 auff
1473 537 1525 576 die
1544 524 1709 586 Goͤttliche
1728 524 1831 585 Zuſage
1841 532 1900 570 der
1909 525 2086 571 Gnaden
2063 524 2102 575 in

647 612 793 663 Chriſto/
803 611 869 648 und
876 599 1026 655 lehren/
1029 602 1098 650 daß
1106 600 1185 631 man
1193 584 1295 639 muͤſſe
1303 580 1473 635 glaͤuben/
1488 584 1556 633 daß
1566 581 1677 628 GOtt
1692 581 1775 628 nicht
1781 589 1841 620 um
1847 578 1976 630 unſerer
1987 576 2102 622 Wer⸗

647 672 720 711 cke/
721 654 804 694 nicht
824 656 863 688 um
874 640 1053 694 Erfuͤllung
1071 646 1130 683 des
1147 634 1286 695 Geſetzes
1303 632 1432 688 willen/
1450 625 1589 677 uns
1533 625 1582 681 das
1598 633 1699 681 ewige
1705 632 1809 673 Leben
1817 632 1933 679 giebt/
1963 627 2102 677 ſondern

649 717 709 749 um
720 703 877 753 Chriſtus
904 702 1040 743 willen/
1066 697 1131 738 wie
1145 696 1299 742 Johannes
1312 695 1370 734 der
1383 689 1518 739 Apoſtel
1537 691 1574 729 in
1588 686 1686 733 ſeiner
1697 683 1820 732 Epiſtel
1840 683 1975 733 ſpricht:
1998 681 2103 723 Wer

647 766 719 798 den
731 757 855 803 Sohn
866 752 960 802 hat/
969 750 1033 790 der
1046 748 1122 798 hat
1127 748 1202 787 das
1216 743 1356 788 Leben.
1397 742 1503 784 Wer
1513 742 1586 780 den
1594 736 1716 785 Sohn
1728 732 1831 783 nicht
1838 734 1935 782 hat/
1949 731 2015 771 der
2022 727 2121 783 hat

650 815 749 868 nicht
756 814 830 855 das
837 812 974 855 Leben.

708 914 794 951 Huc
802 905 962 959 pertinet
979 905 1019 944 &
1035 900 1211 944 ſententia
1224 898 1363 942 Chriſti

650 971 765 1020 Lucæ
772 969 864 1013 Cap.
872 973 920 1009 17.
978 961 1058 998 Cum
1062 957 1223 1010 feceritis
1232 956 1364 999 omnia,

654 1038 725 1068 quæ
732 1027 899 1065 præcepta
897 1012 987 1061 ſunt
1001 1009 1119 1059 vobis,
1135 1007 1257 1057 dicite,
1260 1005 1362 1058 ſervi

654 1083 796 1114 inutiles
797 1084 945 1126 ſumus.
982 1072 1072 1109 Hæc
1078 1066 1191 1107 verba
1199 1065 1292 1109 clare
1306 1063 1364 1102 di-

653 1148 764 1180 cunt,
778 1133 879 1181 quod
893 1133 989 1167 Deus
1012 1124 1119 1165 ſalvet
1138 1114 1206 1175 per
1225 1118 1364 1163 miſeri-

657 1191 877 1237 cordiam,
848 1191 869 1242 &
889 1192 1036 1236 propter
1049 1182 1147 1229 ſuam
1158 1178 1366 1233 promiſſio-

657 1261 784 1285 nem,
818 1256 893 1278 non
913 1239 998 1290 quod
1019 1238 1149 1277 debeat
1158 1230 1366 1287 propter
1313 1227 1368 1283 di-

659 1313 838 1355 gnitatem
852 1308 1003 1350 operum
1022 1293 1244 1339 noſtrorum.
1295 1289 1367 1331 Sed

661 1363 849 1402 adverſarii
865 1356 1020 1397 mirifice
1038 1352 1174 1394 ludunt
1189 1350 1292 1395 hic,
1326 1348 1366 1385 in

660 1425 780 1460 verbis
812 1414 957 1457 Chriſti.
1028 1413 1195 1452 Primum
1231 1405 1369 1448 faciunt

661 1471 858 1522 αντίϛϱοϕον
888 1473 926 1506 &
961 1469 1005 1504 in
1040 1476 1109 1504 nos
1145 1452 1368 1512 retorquent.

662 1536 786 1571 Multo
798 1531 933 1577 magis,
953 1523 1146 1572 inquiunt,
1168 1519 1240 1560 dici
1254 1514 1370 1570 poſſe;

664 1597 701 1629 Si
721 1587 939 1626 credideritis
958 1580 1109 1627 omnia,
1123 1577 1253 1626 dicite,
1270 1575 1372 1614 Servi

667 1650 809 1686 inutiles
823 1646 955 1681 ſumus.
1011 1637 1159 1681 Deinde
1175 1634 1315 1676 addunt
1329 1645 1369 1669 o-

669 1718 748 1754 pera
766 1703 902 1740 inutilia
902 1696 972 1738 eſſe
977 1700 1074 1747 Deo,
1082 1695 1189 1735 nobis
1195 1705 1285 1732 vero
1293 1702 1372 1730 non

674 1763 742 1795 eſſe
763 1760 912 1791 inutilia.
961 1748 1124 1796 Videte,
1146 1754 1256 1795 quam
1275 1741 1374 1781 dele-

669 1820 743 1853 ctet
756 1812 970 1852 adverſarios
987 1805 1124 1857 puerile
1135 1802 1294 1846 ſtudium
1307 1802 1374 1837 So-

674 1873 848 1916 phiſtices.
887 1869 942 1902 Et
951 1867 1156 1909 quanquam
1170 1855 1223 1895 hæ
1233 1851 1375 1905 ineptiæ

676 1930 832 1976 indignæ
840 1936 931 1974 ſunt,
938 1934 1017 1975 quæ
1024 1919 1238 1969 refutentur,
1251 1922 1377 1956 tamen

678 1984 795 2025 paucis
817 1975 1125 2022 reſpondebimus.
1177 1960 1376 2018 Αντίϛϱοϕον

677 2041 731 2072 eſt
745 2036 924 2067 vitioſum.
974 2033 1138 2065 Primum
1160 2022 1261 2061 enim
1280 2017 1379 2056 deci-

680 2099 785 2145 piunt
807 2088 992 2129 adverſarii
1020 2091 1059 2126 in
1079 2084 1259 2125 vocabulo
1283 2081 1381 2129 fidei,

682 2149 780 2200 quod
787 2148 812 2187 ſi
820 2144 1030 2199 ſignificaret
1040 2144 1145 2183 nobis
1164 2140 1331 2183 notitiam
1339 2139 1382 2176 il-

685 2210 757 2246 lam
765 2206 931 2251 hiſtoriæ,
946 2210 1023 2251 quæ
1035 2200 1148 2244 etiam
1161 2198 1200 2240 in
1211 2195 1333 2248 impiis
1347 2195 1383 2233 &

685 2260 835 2301 diabolis
844 2258 907 2304 eſt,
912 2256 1009 2295 recte
1016 2254 1313 2295 ratiocinarentur
1320 2246 1384 2289 ad-

685 2315 839 2373 verſarii,
847 2314 959 2353 fidem
964 2315 1133 2353 inutilem
1138 2307 1220 2364 eſſe,
1235 2320 1319 2348 cum
1327 2309 1385 2348 di-

1296 2374 1394 2410 cunt

1445 906 1515 952 Hie
1528 904 1639 951 haben
1647 905 1698 945 die
1705 898 1940 948 Widerſacher
1949 897 2014 945 ihre
2023 894 2109 945 groſ⸗

1409 969 1426 998 ſe
1443 958 1551 1005 Kunſt
1582 957 1714 1005 trefflich
1743 952 1930 998 bewieſen/
1957 954 2024 991 und
2046 952 2109 990 den

1399 1009 1544 1055 Spruch
1558 1004 1686 1058 Chriſti
1697 1004 1851 1051 verkehrt.
1897 1001 2029 1042 Wenn
2045 1000 2111 1046 ihr

1398 1056 1494 1098 alles
1532 1054 1676 1103 gethan
1707 1053 1843 1100 habt/
1880 1049 1919 1099 ſo
1947 1047 2111 1099 ſprecht:

1402 1112 1499 1152 Wir
1511 1110 1590 1157 ſind
1599 1103 1742 1152 unnuͤtze
1758 1101 1937 1150 Knechte.
1986 1097 2111 1148 Ziehen

1400 1160 1456 1203 ihn
1471 1169 1533 1201 von
1548 1157 1714 1202 Wercken
1721 1157 1801 1205 auff
1801 1152 1982 1197 Glauben/
1991 1149 2111 1197 ſagen:

1400 1203 1491 1247 Viel
1518 1202 1614 1249 mehr
1640 1208 1737 1239 wenn
1766 1198 1828 1245 wir
1849 1197 1931 1236 alles
1952 1190 2110 1243 glaͤuben/

1402 1256 1471 1304 ſind
1488 1256 1551 1297 wir
1568 1249 1705 1301 unnuͤtze
1721 1250 1871 1300 Knechte.
1927 1248 2018 1292 Das
2040 1245 2112 1296 ſind

1401 1308 1435 1353 je
1435 1305 1628 1357 ſchaͤndliche
1658 1304 1876 1355 Sophiſten/
1898 1306 1950 1345 die
1957 1303 2006 1343 die
2021 1299 2114 1350 troͤſt⸗

1416 1362 1479 1402 liche
1494 1359 1587 1405 Lehre
1602 1366 1678 1398 vom
1692 1355 1858 1398 Glauben
1867 1351 1899 1401 ſo
1913 1359 1978 1401 gar
1992 1349 2114 1397 verkeh⸗

1403 1420 1479 1452 ren:
1506 1410 1608 1456 Sagt
1620 1408 1667 1454 ihr
1676 1402 1781 1451 Eſel/
1797 1404 1867 1448 wenn
1885 1406 1972 1444 einer
1986 1404 2028 1439 da
2039 1400 2114 1446 liegt

1407 1472 1464 1502 am
1476 1457 1589 1502 Tode/
1603 1460 1668 1498 und
1674 1455 1777 1499 fuͤhlet
1790 1455 1856 1501 daß
1865 1465 1902 1495 er
1909 1454 1977 1496 kein
1987 1450 2119 1495 Werck

1408 1506 1506 1557 hat/
1511 1514 1577 1552 das
1594 1509 1650 1557 fuͤr
1665 1508 1812 1553 GOttes
1844 1505 1994 1548 Gerichte
2024 1508 2117 1548 gnug

1410 1558 1492 1610 ſey/
1494 1563 1560 1601 und
1574 1561 1635 1601 kan
1651 1560 1731 1603 auff
1737 1558 1809 1600 kein
1824 1556 1954 1600 Werck
1971 1556 2118 1595 vertrau⸗

1409 1607 1490 1652 en/
1503 1613 1581 1645 was
1602 1601 1683 1645 wolt
1697 1604 1749 1646 ihr
1769 1601 1946 1648 demſelben
1977 1598 2117 1644 rathen?

1407 1660 1519 1703 Wolt
1534 1656 1591 1704 ihr
1604 1656 1674 1701 ihm
1687 1654 1768 1700 auch
1786 1651 1904 1700 ſagen:
1929 1649 2054 1694 Wenn
2069 1650 2156 1690 du

1410 1702 1498 1748 ſchon
1515 1694 1687 1750 glaͤubeſt/
1716 1699 1747 1746 ſo
1762 1698 1841 1744 biſtu
1857 1696 1934 1739 doch
1946 1693 1999 1734 ein
2007 1686 2118 1732 unnuͤ⸗

1411 1754 1481 1808 tzer
1498 1752 1630 1803 Knecht/
1654 1758 1719 1794 und
1735 1753 1817 1798 hilfft
1835 1751 1901 1794 dich
1917 1749 2019 1791 nicht?
2042 1749 2115 1792 Da

1413 1803 1492 1850 muß
1510 1806 1574 1842 das
1590 1810 1686 1843 arme
1696 1793 1863 1847 Gewiſſen
1880 1799 1915 1838 in
1928 1793 2116 1844 Verzweif⸗

1411 1855 1525 1905 felung
1537 1848 1667 1898 fallen/
1667 1859 1761 1891 wenn
1783 1857 1819 1888 es
1833 1848 1915 1893 nicht
1931 1840 2044 1893 weiß/
2050 1844 2117 1893 daß

1413 1904 1478 1943 das
1485 1897 1700 1947 Evangelium
1714 1899 1776 1937 den
1796 1890 1935 1944 Glauben
1958 1892 2030 1933 eben
2043 1894 2118 1933 dar⸗

1413 1964 1469 1995 um
1478 1950 1595 1998 fodert/
1603 1950 1723 1994 dieweil
1735 1948 1796 1987 wir
1804 1942 1983 1994 untuͤchtige
1991 1943 2118 1991 Knech⸗

1414 2011 1446 2046 te
1466 1995 1574 2051 ſind/
1600 2003 1666 2041 und
1690 1999 1771 2043 nicht
1795 1997 1977 2045 Verdienſt
2001 1995 2117 2043 haben.

1417 2055 1564 2099 Darum
1574 2052 1617 2100 ſol
1626 2060 1705 2090 man
1718 2048 1779 2095 ſich
1788 2045 1882 2092 huͤten
1896 2043 1953 2091 fuͤr
1960 2049 2020 2087 den
2034 2044 2121 2088 So⸗

1417 2099 1553 2153 phiſten/
1557 2103 1587 2146 ſo
1596 2106 1644 2143 die
1653 2100 1783 2143 Worte
1800 2098 1922 2145 Chriſti
1936 2096 2002 2143 alſo
2012 2091 2121 2141 laͤſter⸗

1418 2154 1473 2198 lich
1499 2150 1676 2193 verkehren.
1725 2146 1834 2190 Denn
1858 2152 1895 2186 es
1907 2143 2004 2192 folget
2025 2137 2123 2187 nicht/

1418 2205 1466 2251 die
1494 2190 1588 2246 Werck
1603 2187 1722 2247 helffen
1740 2189 1848 2240 nicht/
1859 2193 1947 2237 darum
1971 2191 2055 2242 hilfft
2062 2186 2119 2231 der

1418 2257 1474 2296 der
1488 2252 1623 2297 Glaube
1643 2249 1723 2292 auch
1739 2246 1831 2297 nicht.
1881 2246 1973 2291 Wir
1994 2240 2119 2291 muͤſſen

1419 2305 1478 2340 den
1491 2294 1610 2347 groben
1621 2293 1723 2347 Eſeln
1730 2293 1788 2342 ein
1788 2292 1871 2341 grob
1886 2288 2044 2340 Exempel
2071 2295 2124 2334 ge⸗

2045 2345 2128 2384 ben.
