2512 3158
1055 692 1128 734 298

1209 693 1409 733 DISSERT.
1433 696 1495 731 VI.
1509 696 1746 732 ADDITAM.
1770 698 1992 732 RESPONSI
2017 699 2200 734 THEOL.

1114 784 1270 848 wiſſen,
1289 785 1484 848 ſuͤndigen
1503 790 1585 840 wir
1609 790 1860 858 NJCHT;
1908 795 2017 846 denn
2043 796 2127 846 wir
2148 794 2236 856 ſind
2253 794 2325 857 fuͤr

1116 860 1182 899 die
1201 846 1486 899 DEJNEN
1486 848 1714 899 gerechnet.

1177 909 1256 958 So
1275 921 1357 964 gar,
1373 909 1444 964 daß
1454 913 1513 957 der
1530 911 1583 962 ſel.
1594 912 1697 969 Herr
1714 919 1765 960 D.
1782 909 1992 969 Dietericus,
2018 911 2151 979 welcher
2159 930 2215 961 ex
2225 929 2324 977 pro-

1058 972 1161 1019 feſſo
1182 971 1271 1017 uͤber
1290 974 1360 1018 das
1378 973 1491 1028 Buch
1511 977 1572 1023 der
1602 974 1797 1029 Weisheit
1827 974 2092 1032 geſchrieben,
2144 981 2206 1024 des
2231 976 2322 1033 auch

1054 1026 1110 1079 U.
1129 1029 1179 1091 H.
1198 1035 1243 1091 H.
1259 1039 1290 1082 in
1306 1036 1416 1085 Dero
1433 1037 1648 1096 Schreiben
1660 1038 1864 1097 Meldung
1864 1039 1975 1097 thun,
1986 1043 2040 1091 die
2051 1043 2197 1092 Worte
2208 1045 2326 1098 derge⸗

1056 1094 1144 1144 ſtalt
1163 1093 1478 1149 paraphraſiret:

1175 1156 1385 1209 WANN
1400 1157 1474 1207 wir
1490 1158 1602 1215 ſchon
1620 1153 1828 1218 ſuͤndigen,
1846 1161 1883 1218 ſo
1899 1158 1990 1217 ſind
1990 1158 2083 1212 wir
2083 1158 2181 1217 doch
2188 1153 2324 1214 GOt⸗

1121 1221 1200 1273 tes,
1214 1218 1289 1267 das
1305 1216 1367 1277 iſt,
1384 1219 1468 1269 wir
1485 1220 1573 1278 ſind
1597 1223 1724 1281 ſeiner
1752 1223 1907 1278 Macht
1934 1225 2020 1274 und
2044 1226 2222 1276 Gewalt
2248 1237 2321 1276 un⸗

1116 1273 1370 1335 terworffen,
1390 1276 1470 1333 daß
1489 1291 1531 1327 er
1546 1284 1631 1327 uns
1647 1278 1759 1335 wohl
1774 1279 1883 1331 wird
1903 1292 2046 1332 wegen
2060 1284 2131 1334 der
2162 1283 2319 1337 Suͤnde

1118 1347 1166 1395 zu
1186 1333 1321 1392 finden
1338 1341 1422 1389 und
1440 1353 1486 1397 zu
1506 1340 1675 1401 ſtraffen
1690 1333 2012 1403 WJSSEN.
2044 1348 2206 1396 Darum
2219 1345 2261 1403 ſo
2261 1345 2320 1403 ſte⸗

1113 1395 1174 1446 het
1195 1392 1333 1451 dabey:
1358 1396 1500 1449 UND
1516 1398 1667 1447 kennen
1680 1397 1793 1449 deine
1804 1398 1981 1456 Macht;
2002 1397 2247 1455 anzudeuten,
2247 1397 2323 1456 daß

1115 1460 1288 1508 GOttes
1305 1459 1448 1515 Macht
1471 1465 1549 1507 und
1565 1461 1725 1509 Gewalt
1737 1462 1812 1508 eine
1828 1463 1937 1519 ſolche
1956 1462 2102 1520 Macht
2116 1464 2182 1521 ſey,
2199 1469 2264 1512 cui
2284 1464 2322 1510 ſe

1115 1515 1359 1563 ſubtrahere
1375 1527 1557 1574 nequeat
1573 1531 1643 1563 aut
1648 1520 1872 1566 occultare
1890 1526 2101 1579 peccator,
2117 1520 2180 1576 wie
2187 1529 2226 1572 es
2236 1530 2322 1571 Au-

1115 1579 1312 1635 guſtinus
1329 1581 1493 1636 erklaͤret.
1551 1584 1663 1633 Weil
1679 1590 1775 1635 denn
1799 1586 1930 1637 GOtt
1949 1587 2060 1649 ſolche
2082 1589 2229 1648 Macht
2246 1587 2321 1638 und

1115 1642 1279 1690 G walt
1295 1639 1382 1690 uͤber
1398 1642 1467 1697 die,
1487 1644 1523 1702 ſo
1540 1645 1586 1691 da
1607 1640 1793 1704 ſuͤndigen,
1810 1645 1906 1698 nicht
1929 1647 2039 1697 allein
2065 1647 2151 1708 hat,
2169 1650 2322 1707 ſondern

1111 1701 1220 1760 auch,
1238 1702 1308 1751 wie
1326 1702 1489 1759 bekandt,
1511 1704 1625 1752 wider
1641 1708 1719 1753 und
1733 1719 1846 1762 gegen
1856 1705 1903 1767 ſie
1916 1706 2017 1763 uͤbet,
2028 1709 2064 1769 ſo
2075 1711 2241 1774 ſchlieſſet
2254 1713 2322 1759 un⸗

1109 1770 1182 1824 ſere
1197 1768 1416 1818 Weisheit:
1452 1772 1636 1831 WEJL
1651 1773 1735 1823 wir
1749 1773 1894 1831 ſolches
1908 1766 2064 1829 wiſſen,
2082 1777 2118 1831 ſo
2129 1774 2374 1833 ſuͤndigen

1108 1828 1193 1879 wir
1205 1829 1453 1887 NJCHT;
1445 1825 1569 1885 denn
1585 1831 1669 1881 wir
1684 1831 1774 1890 ſind
1787 1834 1861 1890 fuͤr
1874 1836 1940 1886 die
1961 1823 2240 1897 DEJNEN
2258 1841 2320 1895 ge⸗

1115 1878 1292 1934 rechnet.
1358 1881 1470 1930 Weil
1487 1884 1541 1927 die
1555 1882 1734 1936 Fromme
1752 1885 1832 1933 und
1859 1883 2061 1941 Glaͤubige
2082 1888 2227 1947 wiſſen,
2250 1879 2339 1940 daß

1115 1947 1177 1998 ihr
1191 1945 1323 1994 GOtt
1343 1946 1443 2002 nicht
1457 1947 1566 1994 allein
1580 1947 1637 1994 ein
1661 1944 1917 2008 freundlicher,
1947 1955 2085 2007 treuer,
2109 1950 2321 2008 geduldiger

1116 2004 1199 2049 und
1214 2002 1503 2060 barmhertziger,
1520 2003 1672 2062 ſondern
1689 2005 1783 2063 auch
1802 2003 1862 2065 ein
1863 2006 2063 2067 maͤchtiger
2075 2011 2225 2074 GOtt,
2240 2013 2318 2062 dem

1113 2061 1194 2111 kein
1213 2060 1385 2113 Suͤnder
1399 2061 1575 2121 entgehen
1591 2074 1693 2121 mag,
1711 2064 1748 2124 ſo
1765 2063 1939 2124 ſuͤndigen
1955 2065 2003 2126 ſie
2019 2068 2118 2127 nicht
2136 2070 2234 2130 frech
2241 2065 2315 2118 und

1116 2120 1195 2180 frey
1214 2122 1288 2181 auf
1301 2121 1389 2184 ſeine
1404 2123 1560 2182 Gnade,
1580 2124 1690 2178 Guͤte
1706 2130 1784 2179 und
1822 2122 2160 2195 Barmhertzigkeit,
2177 2127 2320 2195 ſondern

1110 2182 1157 2242 ſie
1177 2180 1348 2244 ſuͤndigen
1368 2197 1434 2240 gar
1447 2186 1561 2240 nicht,
1576 2190 1654 2237 und
1670 2190 1741 2238 das
1756 2190 1903 2246 darum,
1919 2190 2002 2240 weil
2015 2190 2062 2252 ſie
2081 2193 2147 2253 fuͤr
2155 2200 2212 2245 die
2226 2191 2315 2247 Sei⸗

1108 2256 1154 2291 ne
1174 2244 1371 2306 gerechnet,
1387 2248 1470 2297 weil
1489 2248 1534 2309 ſie
1551 2248 1658 2308 Jhm
1675 2250 1839 2311 ergeben,
1854 2249 1959 2309 Jhm
1975 2251 2171 2318 deputirt,
2184 2256 2250 2319 fuͤr
2262 2250 2315 2304 die

1107 2305 1239 2358 Seine
1255 2303 1331 2364 auf
1341 2310 1420 2356 und
1434 2319 1718 2364 angenommen.
1740 2322 1786 2360 ꝛc.
1803 2312 1843 2358 h.
1854 2315 1874 2356 I.
1889 2314 1921 2364 f.
1921 2313 2017 2364 698.

1164 2366 1429 2424 Dannenhero
1446 2371 1636 2419 ermeldter
1656 2377 1707 2419 D.
1728 2377 1935 2420 Dietericus
1953 2376 2108 2440 daſelbſt
2123 2381 2161 2429 in
2176 2376 2311 2426 vſibus

1049 2417 1192 2479 klaget,
1231 2420 1265 2479 ſo
1284 2424 1359 2471 wol
1383 2424 1474 2472 uͤber
1497 2428 1641 2488 gewiſſe
1655 2440 1826 2473 errores
1841 2432 2130 2490 dogmaticos,
2154 2435 2209 2482 die
2225 2433 2311 2477 man

1049 2479 1263 2539 zuzudecken
1282 2485 1442 2538 geſuchet
1459 2495 1529 2534 mit
1545 2491 1612 2536 den
1624 2489 1798 2539 Worten
1822 2501 1929 2544 (und
1953 2507 2078 2542 wenn
2093 2499 2176 2543 wir
2193 2479 2309 2554 gleich

1049 2550 1260 2615 ſuͤndigen,
1276 2554 1313 2612 ſo
1328 2553 1415 2612 ſind
1429 2556 1512 2607 wir
1527 2557 1622 2616 doch
1648 2557 1790 2618 Dein)
1810 2562 1870 2608 als
1888 2562 2005 2620 auch,
2023 2566 2095 2610 wie
2109 2579 2147 2611 er
2163 2572 2204 2613 es
2229 2567 2311 2611 nen⸗

1047 2624 1126 2672 net,
1146 2614 1236 2667 uͤber
1256 2612 1378 2678 ſolche
1383 2620 1589 2679 Geſpanen
1600 2620 1638 2667 in
1655 2625 1774 2682 praxi
1783 2632 1894 2672 unter
1902 2630 1983 2674 uns
1992 2626 2110 2687 ſelbſt.
2122 2628 2152 2677 f.
2168 2635 2258 2681 702.

1142 2669 1203 2720 Es
1219 2669 1350 2717 bleibet
1359 2669 1447 2717 aber
1458 2671 1584 2727 obiger
1594 2675 1715 2717 locus
1726 2687 1799 2722 aus
1807 2686 1891 2723 dem
1900 2684 2037 2731 Buche
2046 2684 2108 2728 der
2116 2666 2306 2729 Weisheit

1045 2733 1168 2798 nichts
1186 2735 1328 2792 minder
1344 2737 1401 2790 ein
1424 2734 1588 2804 ernſtlich
1598 2739 1857 2802 Buß⸗Gebet,
1873 2757 1983 2801 wenn
1999 2746 2105 2802 ſchon
2124 2740 2357 2802 derſelbige

2219 2802 2307 2857 auch
