2364 2942
813 570 878 584 nec
921 562 1149 590 iuramentum
1187 563 1306 589 contra
1343 557 1457 593 bonos
1497 569 1611 595 mores
1649 559 1827 610 præſtitum
1858 560 2126 612 obligatorium

812 626 850 658 ſit

965 675 991 698 c.
995 668 1053 704 58.
1068 662 1107 696 de
1119 668 1157 698 R.
1171 666 1198 699 1.
1213 665 1246 698 in
1260 666 1291 703 6.

812 711 974 749 quorſum
988 711 1109 736 merito
1128 717 1267 751 quoque
1282 707 1396 744 referri
1412 707 1511 744 debet
1524 707 1713 759 prohibitio
1728 713 1938 750 matrimonii
1954 715 1988 749 in
2009 711 2125 762 præſa-

808 765 912 799 turis,
936 760 1000 800 wie
1015 759 1104 800 denn
1115 763 1198 809 auch
1212 762 1294 811 dieſe
1312 766 1469 802 conditio
1487 767 1547 813 bey
1558 766 1663 810 denen
1673 767 1874 820 Roͤmiſchen
1892 775 1982 812 10tis
1996 772 2052 814 als
2062 781 2125 814 un⸗

808 813 943 858 zulaͤßig
960 820 1161 858 verworffen
1174 823 1276 858 wird.

913 861 1021 901 Weil
1037 863 1117 899 aber
1126 863 1286 909 dennoch/
1295 861 1398 910 durch
1412 863 1477 904 den
1489 861 1710 915 angefuͤhrten
1720 870 1861 911 Reuers/
1875 869 1953 912 dem
1963 871 2122 910 Prælaten

807 916 897 951 Caio
916 915 968 954 die
989 912 1145 963 Freyheit
1158 922 1196 962 zu
1205 916 1385 965 heurathen
1404 918 1491 967 nicht
1508 920 1731 969 benommen/
1755 923 1915 973 vielmehr
1933 924 2033 974 ſolche
2049 927 2121 972 ihm

807 964 953 1007 expreſſe
967 965 1214 1015 vorbehalten/
1223 969 1292 1008 und
1303 977 1367 1009 nur
1375 968 1427 1008 die
1436 971 1593 1007 conditio
1602 969 1762 1009 faciendæ
1773 972 2000 1021 reſignationis
2012 975 2122 1023 dabey

808 1014 934 1064 geſetzet
944 1014 1022 1068 iſt/
1018 1016 1139 1061 welche
1158 1020 1306 1056 conditio
1326 1019 1427 1062 weder
1437 1021 1652 1071 imposſibilis
1666 1024 1748 1072 noch
1763 1028 1867 1074 turpis
1880 1035 1917 1073 zu
1927 1027 2055 1074 achten/
2072 1028 2120 1069 im

806 1067 948 1115 uͤbrigen
964 1070 1000 1109 in
1008 1070 1069 1109 der
1078 1066 1376 1122 Augſpurgiſchen
1386 1075 1590 1115 Confesſion
1609 1078 1668 1121 der
1692 1073 1968 1130 unrechtmaͤßige
1968 1076 2119 1128 Verbot

805 1119 866 1158 der
882 1117 1155 1172 Prieſter ⸗ Ehe/
1171 1124 1240 1162 und
1261 1123 1397 1171 Zwang
1414 1128 1489 1170 zum
1507 1123 1639 1174 ledigen
1657 1124 1807 1173 Stand/
1821 1139 1883 1169 nur
1897 1118 2033 1178 taxiret/
2055 1130 2118 1173 mit

807 1171 936 1217 nichten
951 1172 1033 1214 aber
1045 1173 1095 1213 ein
1116 1174 1237 1223 ſolches
1248 1178 1379 1225 paƈtum
1389 1176 1645 1230 reprobiretiſt/
1655 1183 1742 1231 daß/
1754 1183 1873 1230 ſobald
1889 1186 1940 1228 ein
1952 1187 2064 1226 Prælat
2078 1194 2118 1232 zu

803 1221 990 1272 heurathen
1009 1223 1069 1273 ſich
1085 1226 1260 1269 reſoluiren
1271 1228 1373 1278 ſolte/
1386 1238 1421 1271 er
1429 1229 1573 1274 alsdenn
1589 1231 1640 1274 die
1652 1234 1804 1272 Prælatur
1814 1234 2044 1281 niederlegen/
2045 1238 2116 1277 und

802 1273 981 1323 reſigniren
995 1275 1117 1328 wolte/
1131 1276 1252 1324 welches
1267 1280 1327 1327 bey
1341 1281 1448 1322 denen
1458 1282 1642 1322 Pontificiis
1653 1284 1688 1326 in
1699 1283 1818 1334 ſolcher
1829 1281 2002 1337 Freyheit/
2020 1287 2116 1333 denen

804 1325 994 1379 Prælaten/
1005 1326 1073 1366 und
1092 1328 1213 1374 welche
1231 1332 1265 1366 in
1283 1330 1460 1368 ordinibus
1476 1331 1661 1372 maioribus
1676 1334 1806 1386 ſtehen/
1828 1333 1913 1391 nicht
1931 1332 2125 1393 zugelaſſen/

803 1381 966 1434 vielmehr
982 1384 1081 1433 ſolche
1096 1384 1166 1435 Ehe
1177 1379 1233 1430 als
1251 1388 1320 1426 null
1343 1378 1397 1434 und
1416 1379 1543 1434 nichtig
1562 1381 1669 1434 erkant
1696 1393 1798 1434 wird/

954 1446 980 1470 c.
997 1445 1021 1471 1.
1051 1441 1094 1475 X.
1117 1437 1156 1472 de
1183 1439 1286 1479 cleric.
1311 1439 1434 1479 coniug.

803 1479 876 1520 und
890 1483 969 1521 was
981 1479 1066 1531 ſonſt
1075 1488 1141 1522 von
1150 1481 1210 1523 der
1217 1482 1374 1533 Freyheit
1387 1484 1448 1526 der
1456 1482 1719 1538 Evangeliſchen
1728 1489 1932 1541 Geiſtlichen
1941 1500 1982 1540 zu
1990 1489 2117 1540 heura⸗

801 1535 879 1582 then
902 1532 1117 1590 vorgebracht
1145 1536 1281 1580 worden/
1305 1537 1451 1585 alsdenn
1462 1541 1541 1591 ſtatt
1554 1540 1701 1591 findet/
1706 1551 1805 1588 wenn
1822 1546 1896 1590 kein
1908 1545 2123 1597 dergleichen

800 1588 940 1626 Reuers,
954 1586 1017 1625 wie
1030 1586 1176 1639 allhier/
1180 1589 1213 1624 in
1241 1583 1452 1635 contrarium,
1470 1588 1678 1644 verhanden/
1686 1591 1846 1640 wodurch
1855 1592 1942 1640 einer
1953 1596 2014 1646 ſich
2024 1595 2121 1645 frey⸗

801 1637 908 1677 willig
930 1640 987 1677 ad
987 1640 1270 1682 reſignationem
1283 1630 1508 1682 verbunden/
1544 1639 1699 1694 dahero/
1710 1640 1779 1683 wie
1793 1649 1833 1687 es
1842 1636 2051 1696 anfaͤnglich
2073 1646 2122 1693 in

799 1689 878 1730 dem
896 1690 1008 1736 freyen
1017 1679 1157 1735 Willen
1172 1694 1232 1733 des
1243 1694 1398 1734 Prælaten
1415 1699 1487 1731 Caii
1499 1693 1709 1744 geſtanden/
1727 1700 1831 1747 dieſes
1841 1699 1990 1748 Beding
2002 1702 2119 1748 einzu⸗

798 1739 933 1787 gehen/
943 1744 1023 1782 oder
1037 1745 1089 1784 die
1105 1744 1229 1791 Wahl
1235 1736 1334 1794 nicht
1357 1738 1594 1797 anzunehmen/
1618 1749 1697 1794 alſo
1711 1743 1787 1804 auch
1798 1747 1932 1807 anietzo
1937 1756 1991 1797 die
2007 1757 2111 1799 Ver⸗

801 1789 1011 1836 bindlichkeit
1037 1792 1142 1838 dieſes
1161 1782 1245 1843 paƈti
1257 1798 1355 1831 iurati
1370 1796 1405 1836 in
1427 1796 1539 1838 keinen
1548 1795 1689 1848 Zweifel
1707 1800 1800 1847 mehr
1816 1808 1958 1849 gezogen
1973 1803 2111 1845 werden

799 1841 896 1894 mag/
922 1843 969 1884 da
984 1853 1018 1884 er
1027 1844 1079 1886 die
1089 1843 1154 1891 auf
1167 1843 1223 1893 ihn
1247 1839 1419 1900 gefallene
1438 1842 1537 1900 Wahl
1554 1849 1642 1899 unter
1663 1854 1718 1892 der
1731 1853 1951 1903 vorgeſetzten
1959 1854 2121 1901 Bedin⸗

798 1895 891 1934 gung
909 1895 1188 1942 angenommen/
1216 1891 1343 1938 mithin
1353 1892 1554 1950 dergleichen
1569 1897 1700 1950 ſtatuta
1709 1893 1786 1946 und
1786 1900 2055 1949 capitulationes
2069 1895 2121 1957 in

795 1944 1023 1983 Inſtrumento
1043 1956 1134 1992 pacis
1152 1951 1214 1987 vor
1240 1942 1394 1997 unguͤltig
1408 1941 1495 1997 nicht
1510 1943 1659 2003 erklaͤret
1673 1945 1742 2005 ſeyn
1758 1952 1930 2003 koͤnnen/
1938 1958 2009 1997 und
2026 1962 2119 2011 was

794 1995 848 2038 die
857 1993 1060 2045 Roͤmiſchen
1077 1997 1208 2049 Geſetze
1221 1995 1411 2048 uͤberhaupt
1428 2006 1462 2038 in
1473 2003 1588 2052 legatis
1598 2011 1663 2045 von
1676 2004 1734 2046 der
1752 2008 1957 2051 condition,
1979 2010 1999 2045 ſi
2012 2022 2118 2048 non

792 2045 951 2094 nupſeris,
975 2047 1186 2098 verordnet/
1201 2050 1269 2099 auf
1275 2051 1394 2101 unſern
1405 2051 1560 2103 heutigen
1572 2050 1697 2099 Staat
1711 2067 1768 2099 um
1781 2057 1871 2108 deſto
1890 2058 2028 2105 weniger
2048 2067 2115 2108 ap-

793 2098 925 2148 pliciret
952 2102 1071 2143 werden
1089 2109 1185 2150 mag/
1203 2103 1249 2149 da
1269 2107 1328 2151 der
1345 2106 1476 2153 cœlibat
1498 2106 1552 2160 bey
1565 2115 1639 2152 uns
1653 2108 1685 2156 ſo
1700 2110 1835 2160 verhaßt
1867 2113 1946 2161 nicht
1969 2107 2009 2168 iſt
2020 2112 2115 2164 noch

794 2139 868 2198 ſeyn
882 2152 968 2200 kan/
989 2155 1045 2194 als
1060 2146 1095 2194 er
1105 2152 1165 2201 bey
1183 2155 1246 2197 den
1255 2146 1412 2202 Roͤmern
1421 2156 1598 2209 geweſen/
1612 2151 1699 2208 auch
1715 2161 1800 2212 ſonſt
1815 2163 1868 2205 die
1884 2175 2032 2203 rationes
2042 2173 2114 2213 pe-

793 2198 937 2237 culiares
953 2202 1134 2252 eesſiren/
1138 2213 1247 2250 neque
1265 2207 1356 2250 enim
1374 2206 1585 2250 coelibatus,
1603 2209 1661 2255 qui
1683 2209 1761 2246 alias
1774 2210 1833 2251 ſub
1850 2213 2102 2263 promisſione

790 2257 993 2287 æternorum
1011 2246 1224 2298 præmiorum
1234 2258 1503 2298 commendatur,
1517 2259 1553 2307 in
1561 2260 1594 2291 &
1608 2267 1669 2305 per
1680 2258 1709 2293 ſe
1721 2260 1959 2312 ſuperſtitioſus
1969 2262 2040 2307 eſt,
2067 2265 2118 2300 &

791 2303 947 2351 quamuis
969 2304 1141 2351 reprobari
1173 2316 1312 2353 nequeat
1342 2310 1576 2359 matrimonium
1602 2321 1740 2361 eiusque
1756 2313 1909 2359 libertas,
1922 2324 2033 2362 neque
2054 2326 2102 2350 ta-

789 2363 869 2388 men
891 2352 1100 2393 coelibatum
1113 2357 1296 2404 reprobare
1310 2368 1471 2407 oportet,
1495 2372 1585 2396 cum
1608 2362 1675 2409 ipſa
1697 2364 1786 2403 ſacra
1810 2368 1979 2413 Scriptura
1994 2367 2101 2405 dicat:

788 2404 921 2443 bonum
935 2403 996 2443 eſſe
1011 2407 1144 2443 homini
1161 2411 1195 2443 in
1209 2409 1379 2447 coelibatu
1390 2415 1502 2449 viuere
1511 2416 1625 2458 1Cor.
1641 2420 1707 2455 VII.
1736 2420 1755 2454 &
1771 2415 1801 2466 ſi
1810 2417 1966 2465 religioni
1982 2418 2101 2455 aduer-

786 2455 930 2496 ſaretur,
949 2457 1133 2504 quomodo
1145 2454 1284 2495 ſaluares
1292 2459 1484 2510 Anglorum
1494 2465 1686 2501 academica
1699 2466 1857 2513 collegia,
1872 2473 1943 2503 imo
1960 2469 1993 2504 &
2009 2471 2100 2517 capi-
