2508 2896
811 523 882 581 qui
909 521 982 565 ſub
1006 522 1094 567 eius
1111 521 1392 569 iurisdictione
1419 521 1532 565 bona
1550 518 1782 565 immobilia
1800 516 1997 577 poſſidet,
2033 517 2072 561 in
2078 517 2230 564 alieno

807 589 1043 636 immediate
1070 588 1188 642 citet,
1231 589 1298 634 ſed
1323 588 1565 634 citationem
1590 584 1803 643 poſſeſſori
1824 585 2036 633 bonorum
2059 596 2092 626 e.
2111 596 2149 640 g.
2169 599 2231 627 ar-

810 654 1020 700 rendatori
1048 652 1236 701 inſinuari
1262 653 1408 709 faciat,
1453 663 1499 697 vt
1523 643 1697 696 eandem
1724 650 1777 698 ad
1809 653 2002 696 notitiam
2032 658 2231 697 conuenti

810 724 1028 782 peruenire
1054 738 1189 774 curet,
1237 725 1303 767 vel
1328 712 1370 766 et
1394 720 1572 780 requirat
1591 718 1772 767 iudicem
1789 721 2012 774 domicilii,
2049 725 2233 779 indeque

813 796 993 841 eundem
1016 797 1174 842 citandi
1198 796 1375 840 modum
1400 797 1451 838 ab
1480 794 1559 839 alio
1589 791 1790 849 poſtulare
1809 795 1954 850 poteſt.
2026 796 2149 840 Hiſce
2168 811 2229 838 ra-

812 862 999 906 tionibus
1018 872 1284 904 commotum
1306 853 1528 916 poenaliter
1547 857 1724 903 inhibuit
1747 858 1950 905 Tribunal
1973 866 2032 915 12)
2068 866 2228 904 Vaſallo

812 944 1012 976 extraneo
1040 931 1247 976 eiusmodi
1270 929 1486 977 citationes
1502 927 1754 975 immediatas
1771 930 1980 984 recipere,
2017 948 2060 973 et
2075 939 2126 972 ad
2146 951 2233 986 eas-

812 1009 908 1053 dem
929 1020 1183 1066 comparere,
1204 1005 1274 1052 niſi
1292 1005 1430 1053 citatio
1449 1003 1536 1067 ipſo
1559 1004 1755 1066 requiſito
1774 1001 2006 1052 inſinuetur,
2045 1019 2149 1059 quae
2170 1008 2233 1048 in-

810 1081 956 1127 hibitio
982 1093 1072 1122 non
1093 1078 1265 1135 impedit
1283 1078 1575 1132 obedientiam,
1607 1089 1729 1133 quam
1752 1075 1932 1124 ſubditus
1961 1075 2135 1121 Vaſallus
2153 1078 2232 1121 do-

813 1151 933 1193 mino
953 1148 1110 1192 directo
1130 1159 1328 1191 extraneo
1349 1145 1492 1205 debet,
1531 1144 1599 1192 ſed
1620 1144 1758 1191 ſaltem
1777 1141 1925 1209 efficit,
1958 1154 2005 1188 vt
2023 1139 2136 1187 ſaluis
2154 1142 2231 1192 ſuis

814 1218 974 1266 iuribus
993 1216 1216 1280 praeſtetur
1236 1216 1302 1280 13).

1145 1368 1552 1413 OBSERVATIO
1610 1370 1908 1408 CXXXXIV.

814 1439 905 1487 DE
963 1438 1126 1485 IVRE
1180 1435 1559 1483 PRINCIPIS
1590 1419 1938 1484 EXIGENDI
1985 1409 2285 1483 RATIO-

1278 1514 1381 1546 NES
1436 1512 1782 1546 CIVITATVM.

890 1610 922 1674 V

922 1610 961 1663 ix
987 1630 1034 1660 ac
1059 1632 1112 1664 ne
1144 1618 1211 1662 vix
1240 1618 1406 1674 quidem
1431 1617 1518 1661 hoc
1533 1616 1598 1661 ius
1616 1615 1838 1677 principis
1839 1602 1887 1662 in
1899 1615 2073 1661 dubium
2094 1616 2236 1660 vocari

954 1670 1089 1723 poteſt
1117 1684 1197 1723 qua
1216 1669 1402 1711 ciuitates
1437 1665 1750 1727 municipales.
1768 1668 1878 1711 Satis
1897 1665 2099 1720 ſuperque
2116 1665 2161 1709 in
2176 1662 2237 1709 ſu-

819 1749 964 1796 prema
997 1738 1081 1782 eius
1103 1735 1353 1796 inſpectione
1373 1748 1412 1780 et
1429 1733 1716 1787 moderatione
1740 1731 1986 1792 reipublicae
2005 1729 2235 1787 fundatum,

820 1809 990 1868 eiusque
1019 1808 1261 1860 exercitium
1293 1808 1397 1858 adeo
1424 1807 1590 1861 ſalutare
1619 1805 1800 1859 indicant
1828 1803 2009 1858 ſaniores
2033 1808 2148 1866 ICti,
2193 1819 2239 1854 vt

2157 1908 2242 1941 nec

872 1994 944 2040 12)
971 1996 1077 2033 Menſ.
1095 1996 1193 2033 Febr.
1216 1996 1326 2036 1760.
1350 1993 1391 2029 ad
1410 1994 1496 2039 Sup-

813 2040 893 2086 plic.
914 2044 968 2075 des
982 2042 1223 2075 Cammerherrn
1237 2049 1300 2073 von
1311 2040 1440 2083 Langen
1456 2049 1498 2073 zu

814 2091 1001 2137 Neucloſter
1019 2090 1199 2138 betreffend
1214 2090 1283 2126 eine
1300 2090 1420 2126 wieder
1432 2091 1498 2127 ihm

816 2146 875 2189 bey
917 2148 1072 2189 Herzogl.
1109 2144 1282 2184 Mecklenb.
1314 2141 1498 2188 Regierung

818 2209 879 2232 von
902 2203 974 2234 dem
1001 2199 1149 2242 dortigen
1171 2198 1276 2243 Fiſcal
1301 2207 1412 2243 wegen
1428 2209 1519 2234 ver-

820 2244 951 2278 botener
963 2247 1060 2287 Jagd
1077 2244 1247 2280 erhobenen
1265 2247 1385 2287 Klage,
1420 2243 1501 2279 hinc

823 2297 1038 2340 exceptionis
1053 2288 1159 2333 fori.

878 2342 938 2387 13)
964 2344 1074 2377 Verba
1096 2346 1223 2380 decreti
1242 2346 1286 2378 ita
1305 2346 1337 2378 ſe
1355 2346 1501 2378 habent:

819 2401 881 2434 Als
912 2392 971 2435 der
991 2395 1177 2439 Supplicant
1199 2398 1247 2429 als
1274 2398 1423 2439 Beſitzer
1448 2403 1503 2431 des

827 2453 924 2485 Amts
932 2447 1115 2493 Neucloſter
1137 2458 1247 2491 wegen
1266 2449 1324 2481 der
1330 2448 1507 2492 Jagdfolge

825 2503 919 2540 nicht
947 2501 1119 2546 belanget,
1159 2499 1282 2536 bishero
1315 2503 1392 2536 auch
1416 2495 1505 2540 nicht

1544 1989 1717 2035 conſtiret,
1748 1990 1790 2028 ob
1812 2002 1847 2027 er
1863 2001 1927 2027 nur
1944 1988 2033 2035 dieſe
2052 1987 2237 2034 ausgeübet,

1549 2046 1625 2077 oder
1652 2041 1746 2089 ſonſt
1774 2044 1807 2079 in
1837 2041 1973 2083 alieno,
2016 2042 2235 2086 eingeklagter

1550 2088 1674 2137 maſsen
1683 2088 1829 2135 gejaget,
1847 2089 2030 2139 allenfalſs,
2058 2092 2128 2127 und
2139 2094 2234 2125 wenn

1550 2147 1662 2178 wegen
1695 2143 1750 2169 des
1780 2140 1911 2175 Rechts
1926 2141 1984 2171 der
2009 2135 2114 2179 Folge
2124 2129 2233 2171 etwas

1553 2193 1624 2222 dem
1643 2193 1740 2225 Amte
1758 2191 2040 2230 präjudicirliches
2063 2184 2233 2224 verordnet

1549 2238 1689 2285 würde,
1715 2254 1749 2275 er
1754 2241 1822 2290 ſich
1838 2242 1971 2279 deshalb
1982 2245 2045 2278 an
2045 2240 2104 2277 das
2121 2236 2235 2284 hieſige

1549 2296 1683 2337 Königl.
1709 2294 1946 2339 Gouvernement
1959 2295 2005 2330 zu
2020 2290 2151 2324 wenden
2167 2291 2237 2335 hat,

1555 2349 1608 2378 die
1619 2348 1767 2392 ſonſtige
1783 2346 1981 2383 Vertretung
1996 2340 2071 2379 aber
2087 2341 2237 2377 bewand-

1557 2409 1612 2434 ten
1643 2397 1835 2443 Umſtänden
1848 2396 1932 2433 nach
1950 2393 2039 2430 nicht
2049 2393 2240 2442 ſtatthaft;

1559 2455 1598 2488 So
1629 2451 1720 2487 wird
1741 2444 1901 2493 übrigens
1932 2448 2003 2481 dem
2029 2443 2240 2496 Supplicanti

1554 2499 1706 2550 ernſtlich
1731 2502 1801 2537 und
1823 2500 1884 2544 bey
1901 2510 1945 2544 50
1964 2499 2051 2539 Rthl.
2074 2500 2242 2542 inbibiret,
