2430 2859
319 522 500 575 penſatione
513 531 756 576 miſericorditer
769 550 836 566 cum
845 545 971 568 eisdem.
1023 547 1060 591 In
1078 549 1184 592 altero
1200 552 1386 586 diplomate
1405 557 1521 592 eadem
1534 557 1624 598 clau-

324 573 389 611 ſula
406 581 588 623 repetitur,
616 593 686 625 quo
697 588 865 630 abſolutio
886 595 928 635 ab
948 601 1267 642 excommunicatione
1281 604 1328 643 ob
1344 600 1561 649 ſimoniacum
1570 609 1623 651 in-

321 631 462 677 greſſum
482 634 644 683 epiſcopo
657 642 894 676 committitur.
958 646 1051 691 Imo,
1082 652 1178 687 quod
1192 661 1293 690 caput
1306 651 1357 696 rei
1373 659 1437 701 eſt,
1456 660 1535 699 olim
1555 660 1621 700 dis-

314 684 458 729 penſatio
474 688 572 721 vnice
591 688 623 720 in
635 698 678 721 eo
696 693 928 736 quærebatur,
956 706 992 725 vt
1012 700 1033 725 ſi
1049 703 1133 739 quid
1151 711 1269 729 contra
1285 706 1373 742 leges
1389 712 1621 735 eccleſiaſticas

315 734 546 774 commiſſum,
570 738 622 773 vel
637 738 656 771 ſi
668 744 803 785 quidam
817 750 1058 777 communione
1070 754 1193 790 priuati
1206 765 1325 783 erant,
1348 762 1485 782 remiſſo
1504 765 1618 794 rigore

312 778 444 826 legum,
458 783 491 817 hi
500 794 542 819 ex
552 786 630 829 iuſta
640 793 735 832 cauſa
745 799 978 832 communioni
990 803 1260 834 reſtituerentur;
1282 808 1364 852 illud
1376 820 1459 852 vero
1469 824 1512 853 ex
1522 817 1619 858 ſimili

318 835 411 871 cauſa
423 848 492 872 non
505 837 777 883 reſcinderetur,
808 847 833 879 ſi
851 847 919 891 hoc
934 853 1040 890 modo
1057 855 1167 894 maior
1181 858 1304 894 vtilitas
1324 860 1357 897 in
1375 865 1547 908 eccleſiam
1563 876 1617 904 re-

316 884 468 922 dundare
481 887 604 934 poſſet,
632 900 735 934 prout
744 901 874 936 optime
888 901 1044 930 obſeruat
1062 926 1375 947 THOMASSINVS
1392 913 1430 934 P.
1442 915 1469 938 2.
1483 915 1538 938 lib.
1552 916 1614 939 III.

315 939 352 974 de
361 938 482 987 diſcipl.
492 940 560 975 eccl.
572 952 600 978 c.
615 943 712 989 24.§.
723 955 772 981 20.
849 950 930 982 Hoc
952 954 1059 983 modo
1074 956 1165 983 enim
1182 960 1269 987 recte
1282 960 1458 999 diſpenſari
1479 966 1615 1019 diceba-

313 1000 368 1028 tur
383 1006 435 1028 res
451 995 683 1038 eccleſiaſtica,
709 998 728 1030 ſi
744 998 778 1033 id
791 1002 971 1047 agebatur,
991 1012 1028 1036 vt
1042 1005 1122 1038 ſalus
1131 1009 1292 1046 eccleſiæ,
1319 1023 1392 1050 quæ
1391 1013 1543 1054 ſuprema
1558 1019 1612 1043 lex

311 1039 377 1075 eſſe
401 1039 542 1078 debebat,
554 1050 807 1091 anteponeretur
817 1055 1014 1084 executioni
1024 1056 1178 1096 rigoroſæ
1188 1061 1299 1097 legum
1310 1065 1613 1093 eccleſiaſticarum,

308 1090 441 1134 quippe
454 1102 527 1137 quæ
539 1093 688 1131 officium
696 1097 793 1131 ſuum
803 1105 946 1143 perdere
957 1105 1138 1139 debebant,
1147 1113 1285 1147 quando
1297 1122 1339 1152 ex
1352 1124 1465 1155 earum
1480 1121 1614 1151 rigoro-

309 1135 341 1167 ſa
357 1136 565 1173 obſeruantia
584 1145 687 1174 maius
702 1149 942 1192 detrimentum
954 1156 1054 1195 rebus
1067 1162 1212 1199 eccleſiæ
1228 1163 1408 1208 imminere
1422 1169 1614 1211 videbatur.

311 1185 388 1230 Quo
392 1190 478 1222 circa
496 1191 528 1223 in
551 1190 640 1225 ſenſu
656 1195 731 1224 iuris
743 1200 930 1238 eccleſiaſtici
958 1207 1085 1240 antiqui
1106 1210 1273 1251 abſolutio
1292 1215 1332 1253 ab
1360 1228 1612 1260 excommunica-

309 1240 412 1278 tione,
439 1239 518 1275 ſicut
530 1252 544 1274 a
556 1243 741 1284 pœnitentia
759 1257 835 1278 ante
851 1262 1004 1289 tempus,
1029 1258 1117 1295 recte
1128 1263 1157 1303 &
1169 1260 1243 1306 ſatis
1254 1273 1405 1295 congrue
1416 1269 1483 1310 dici
1496 1273 1611 1315 potuit

300 1288 341 1323 &
351 1286 467 1322 debuit
479 1287 689 1337 diſpenſatio,
725 1306 795 1334 imo
805 1302 838 1335 in
849 1311 892 1337 eo
906 1304 1073 1339 legitimus
1087 1311 1157 1330 eius
1173 1312 1244 1331 vſus
1254 1315 1442 1356 collocatus
1459 1322 1505 1368 eſt
1525 1324 1609 1364 anti-

310 1333 442 1380 quitus,
469 1347 505 1371 vt
521 1337 619 1383 plena
642 1357 742 1379 manu
763 1349 970 1394 demonſtrat
986 1372 1323 1402 THOMASSINVS.
1364 1376 1468 1404 Quod
1484 1369 1507 1408 ſi
1522 1380 1605 1407 vero

304 1383 586 1433 diſpenſationem,
607 1399 713 1432 prout
727 1392 923 1434 corruptior
938 1404 1080 1429 eccleſiæ
1094 1408 1166 1431 vſus
1176 1410 1311 1452 effecit,
1339 1417 1516 1456 reſtringas
1526 1418 1565 1462 ad
1576 1430 1607 1460 a-

299 1435 397 1468 ctum
410 1436 502 1468 licite
516 1439 745 1480 peragendum
757 1443 809 1473 vel
825 1443 1052 1486 omittendum
1063 1453 1145 1491 citra
1158 1455 1383 1494 violationem
1391 1461 1483 1509 legis,
1497 1465 1606 1517 rurſus

303 1486 432 1522 eædem
444 1497 620 1522 recurrunt
629 1490 843 1529 difſerentiæ,
869 1503 941 1536 quæ
957 1495 989 1533 §.
1001 1506 1104 1531 antec.
1125 1504 1255 1542 traditæ
1270 1505 1370 1546 ſunt,
1413 1516 1433 1553 ſi
1453 1515 1609 1564 detrahas

304 1543 366 1572 ea,
393 1542 464 1579 quæ
478 1534 520 1571 de
537 1532 776 1589 compenſatione
794 1546 930 1591 putatiua
942 1544 1079 1579 adducta
1097 1551 1179 1582 ſunt.
1229 1557 1397 1604 Ceterum
1410 1563 1443 1607 in
1466 1565 1530 1607 hac
1546 1569 1609 1616 ab-

304 1580 475 1620 ſolutione
491 1595 559 1621 non
571 1592 679 1623 omnis
691 1587 794 1624 hodie
805 1595 987 1626 remittitur
1001 1605 1219 1639 pœnitentia,
1244 1610 1301 1649 ſed
1313 1614 1365 1655 illa
1379 1617 1490 1658 adhuc
1500 1621 1615 1673 reſer-

303 1639 377 1676 uari
396 1639 499 1681 ſolet,
521 1642 617 1689 quod
633 1644 783 1690 prædicta
801 1646 985 1694 diplomata
1005 1657 1034 1682 &
1057 1662 1208 1698 exempla
1231 1664 1364 1713 illuſtria
1373 1677 1524 1721 eorum,
1548 1677 1609 1725 qui

302 1688 448 1726 eccleſiæ
465 1690 606 1730 reſtituti
617 1692 711 1735 ſunt,
740 1697 933 1737 oſtendunt.
988 1708 1092 1746 Quod
1112 1720 1199 1755 vero
1205 1716 1428 1760 abſolutionem
1441 1734 1460 1752 a
1478 1728 1609 1769 nexibus

302 1743 466 1777 votorum,
482 1739 725 1776 iuramentorum
736 1752 799 1780 &c.
813 1760 1008 1785 concernit;
1033 1772 1150 1803 reuera
1171 1775 1319 1814 vouens,
1337 1773 1389 1817 vel
1407 1776 1460 1823 qui
1471 1778 1607 1821 iurauit,

303 1793 346 1831 ab
367 1789 565 1845 obligatione
585 1795 664 1846 legis
675 1801 808 1835 liberari
819 1808 951 1837 videtur
963 1812 995 1837 in
1017 1814 1075 1838 illo
1085 1816 1184 1857 caſu,
1220 1821 1301 1861 dum
1324 1834 1429 1869 nexus
1449 1829 1505 1872 ille
1520 1833 1598 1871 tolli-

300 1850 383 1882 tur;
421 1838 498 1886 ſed,
521 1857 557 1881 vt
571 1846 629 1882 ſuo
642 1851 719 1883 loco
735 1856 906 1897 allegabo,
928 1863 963 1886 in
974 1865 1029 1888 tali
1045 1867 1235 1899 abſolutione
1244 1878 1394 1914 occurrit
1406 1880 1454 1919 vel
1463 1881 1607 1925 ſimplex

300 1892 491 1930 declaratio
498 1895 649 1931 nullitatis
660 1903 705 1932 ob
719 1906 883 1936 defectum
901 1918 1070 1946 quendam
1080 1921 1388 1977 concomitantem:
1405 1931 1456 1972 vel
1468 1949 1611 1978 commu-

300 1941 386 1974 tatio
396 1944 566 1987 quædam,
591 1954 636 1978 vt
636 1949 700 1979 alio
711 1961 837 1988 modo,
859 1964 1107 2013 interueniente
1118 1966 1370 2029 ſurrogatione,
1392 1989 1478 2023 voto
1487 1986 1540 2027 vel
1550 1993 1606 2026 iu-

303 2000 460 2027 ramento
474 1994 628 2036 ſatisfiat,
650 2010 722 2041 quæ
732 2014 886 2045 acceptio
897 2019 1039 2062 propius
1039 2020 1083 2063 ad
1095 2021 1355 2067 diſpenſationem
1373 2032 1510 2073 accedit,
1524 2042 1602 2081 quo-

299 2033 393 2069 niam
406 2035 512 2073 rurſus
522 2044 675 2078 tradunt,
686 2054 752 2077 hoc
761 2063 867 2077 modo
878 2070 1021 2089 peruide
1032 2071 1206 2092 diſpenſari
1248 2073 1404 2089 prælatis,
1473 2083 1533 2094 diſpen-

297 2081 467 2120 ſatoribus
477 2087 597 2123 domus
609 2097 705 2146 DEI,
721 2116 773 2149 res
782 2110 877 2156 fidei,
892 2117 1100 2166 conſcientiæ,
1126 2131 1155 2166 &
1168 2122 1308 2171 eccleſiæ,
1335 2124 1375 2169 ſi,
1406 2133 1484 2173 iuſta
1509 2135 1593 2191 cauſa

304 2123 480 2170 ſuadente,
514 2150 620 2191 nexus
635 2156 707 2195 voti
722 2159 752 2199 &
770 2160 951 2205 iuramenti
959 2180 992 2214 in
1005 2180 1127 2217 cultum
1143 2179 1281 2218 ſimilem
1302 2184 1481 2229 deuotionis
1500 2195 1609 2235 trans-

301 2194 471 2229 mutetur,
484 2201 585 2236 quem
597 2197 628 2225 in
639 2208 717 2228 votis
743 2211 757 2230 &
774 2212 960 2261 iuramentis
971 2228 1177 2260 concurrere
1192 2232 1343 2265 aſſerunt.

403 2246 432 2281 §.
443 2244 578 2284 XXVII.
592 2247 658 2283 Sed
668 2258 768 2285 etiam
779 2264 876 2294 (Ill.)
891 2266 945 2304 lex
954 2269 1083 2313 laxatur
1091 2278 1124 2312 in
1133 2277 1286 2319 fauorem
1297 2278 1443 2331 alicuius,
1465 2287 1516 2335 vel
1525 2301 1602 2334 cau-

294 2274 357 2324 ſæ,
389 2282 424 2311 h.
436 2289 470 2315 e.
484 2290 516 2315 in
531 2298 697 2347 priuilegio
713 2311 744 2350 &
760 2314 838 2352 iure
843 2317 1013 2364 ſingulari,
1042 2334 1195 2368 adeoque
1209 2331 1329 2368 itidem
1346 2344 1430 2379 cum
1446 2339 1590 2391 diſpenſa-

297 2330 383 2370 tione
395 2331 527 2371 videtur
536 2348 744 2384 coincidere.
796 2365 899 2409 Vnde
913 2377 1121 2422 denominata
1133 2383 1197 2422 ſint
1201 2378 1386 2438 priuilegia
1386 2385 1539 2440 explicat
1539 2396 1602 2441 ci-

1631 983 1691 1011 quo
1707 978 1780 1008 recte
1796 978 1839 1008 di-

1629 1012 1766 1050 ſpenſatio
1784 1016 1824 1044 di-

1631 1054 1765 1092 cebatur,

1623 1390 1668 1422 ſed
1685 1400 1720 1419 ex
1736 1392 1854 1431 diſcipli-

1624 1434 1659 1454 na
1676 1427 1797 1458 eccleſiæ
1808 1440 1854 1459 re-

1624 1473 1753 1505 centiori.

1616 2306 1640 2344 3)
1655 2309 1677 2337 A
1693 2308 1844 2353 priuilegio

1615 2352 1640 2378 &
1650 2350 1709 2381 iure
1726 2349 1821 2393 ſingu-

1612 2393 1674 2424 lari.
