2448 2883
514 493 589 548 DE
589 493 908 548 PRAEBENDIS
908 493 986 548 ET
986 493 1375 548 DIGNITATIBVS.

1568 518 1643 575 513

292 578 336 609 de
340 587 420 608 anno
434 574 542 614 gratiæ
555 570 669 607 ſtriƈte
686 573 803 609 diƈto:
828 577 888 622 qui
902 576 995 611 enim
1010 578 1046 612 in
1060 581 1378 630 compenſationem
1404 606 1556 628 annorum
1563 613 1616 629 ca-

289 624 393 654 rentiæ
406 618 591 654 introduƈti
610 618 690 658 ſunt,
703 616 823 667 facilius
832 623 1012 661 heredibus
1024 626 1282 678 quibuscunque
1291 639 1536 675 conceduntur,
1541 660 1612 679 ma-

290 672 379 703 xime
394 666 417 697 ſi
432 667 573 705 conſtat,
587 669 684 703 ſimul
694 683 758 716 pro
771 670 942 709 ſoluendis
959 675 1080 711 debitis
1090 677 1241 715 deſunƈti
1258 694 1275 715 a
1285 686 1473 719 maioribus
1481 692 1618 723 inſtitu-

290 725 343 753 tos
352 710 465 762 fuiſſe,
482 723 572 762 prout
582 712 678 761 ſupra
688 720 719 760 §.
731 724 882 757 CCXIII.
901 721 1075 761 declaraui.
1122 726 1176 761 Ita
1187 738 1263 762 cum
1274 730 1310 762 in
1321 733 1444 765 statutis
1452 744 1618 769 academiæ

291 761 437 812 Hallenſis
448 763 590 801 dubium
603 765 778 807 incideret,
794 781 836 803 an
849 771 907 805 ſub
917 766 1159 826 appellatione
1158 774 1344 821 Witwen
1363 783 1446 819 und
1456 784 1617 832 Erben,

291 813 409 855 quibus
425 812 476 844 lex
489 809 634 860 gratioſe.
653 809 824 864 proſpexit,
848 817 1055 855 collaterales
1070 830 1211 869 quoque
1229 828 1615 878 comprehenderentur,

289 861 537 904 potentisſimus
551 847 628 899 Rex
640 853 802 902 Borusſiæ
814 866 1107 910 FRIDERICVS
1122 872 1425 917 WILHELMVS
1442 880 1614 917 authenti-

273 925 320 953 ca
325 911 620 960 interpretatione,
630 911 717 952 ſolos
727 917 833 954 liberos
840 926 929 956 voce
937 919 1086 960 heredum
1095 920 1335 978 intelligendos
1346 926 1410 966 eſſe
1421 930 1613 974 declarauit,

285 966 317 1000 &
326 961 465 1014 quidem
476 967 625 1016 ſequenti
644 968 825 1023 reſcripto:

280 1069 426 1145 Von
437 1083 664 1147 GOttes
681 1088 895 1150 Gnaden
906 1084 1139 1165 Friedrich
1154 1096 1420 1169 Wilhelm/
1445 1099 1610 1170 Koͤnig

275 1152 322 1185 in
320 1150 499 1202 Preuſſen,
508 1157 721 1205 Marggraff
731 1153 775 1204 zu
770 1160 1047 1213 Brandenburg,
1066 1167 1127 1208 des
1141 1169 1234 1219 Heil.
1250 1168 1362 1218 Roͤm.
1375 1172 1507 1224 Reichs
1522 1175 1612 1225 Ertz⸗

282 1197 481 1247 Caͤmmerer
496 1204 566 1244 und
576 1198 797 1256 Chur⸗Fuͤrſt.
797 1206 853 1255 ꝛc.
866 1217 907 1251 ꝛc.

280 1264 403 1312 Unſern
415 1267 580 1320 gnaͤdigen
597 1273 705 1324 Gruß
717 1282 842 1323 zuvor.
894 1278 1096 1331 Wuͤrdige,
1110 1282 1610 1343 Hoch ⸗ und Wohlgelahrte

277 1300 415 1356 Raͤthe,
434 1311 534 1363 Liebe
528 1312 689 1355 Getreue.
740 1317 848 1356 Was
864 1325 978 1365 geſtalt
988 1327 1039 1356 die
1047 1326 1190 1363 Witwe
1206 1333 1266 1363 des
1282 1338 1510 1376 verſtorbenen
1527 1341 1609 1364 Pro-

275 1372 405 1413 feſſoris
416 1377 467 1417 N.
486 1379 548 1427 ſich
563 1376 766 1426 beſchweret,
773 1380 841 1430 daß
850 1385 966 1432 Jhres
975 1387 1139 1430 Mannes
1149 1385 1363 1438 auswaͤrtige
1370 1394 1608 1443 Verwanten,

271 1417 310 1461 ſo
317 1423 388 1464 ihm
403 1426 445 1461 ab
462 1424 618 1465 inteſtato
635 1422 843 1479 ſuccediret,
837 1439 904 1472 von
936 1434 1004 1475 dem
1003 1433 1275 1488 Gnaden⸗Jahr
1286 1448 1343 1488 zur
1357 1440 1490 1493 Helffte
1503 1447 1606 1492 parti-

279 1471 405 1516 cipiren
420 1476 557 1521 wolten,
566 1475 637 1517 das
646 1475 743 1522 zeiget
752 1481 809 1520 der
818 1479 983 1529 Anſchluß
993 1484 1055 1525 mit
1066 1486 1263 1530 mehrerem.

376 1517 559 1564 Gleichwie
577 1530 659 1570 nun,
673 1523 757 1571 nach
766 1526 878 1573 denen
893 1530 950 1571 der
965 1523 1178 1574 Vniuerſitaͤt
1196 1536 1382 1586 erhaltenen
1400 1537 1604 1591 Priuilegiis,

275 1573 330 1615 der
344 1566 472 1626 Genuß
492 1570 556 1623 des
558 1578 907 1631 Gnaden ⸗ Jahres
923 1583 1009 1631 nicht
1024 1585 1138 1628 weiter
1156 1588 1210 1630 als
1225 1592 1290 1641 auf
1301 1592 1354 1634 die
1374 1593 1515 1637 Witwe
1532 1597 1604 1638 und

273 1625 544 1675 Deſcendenten,
553 1630 660 1670 keines
671 1633 783 1680 weges
798 1632 878 1676 aber
887 1636 942 1684 auf
962 1635 1020 1678 die
1028 1638 1195 1678 Collateral
1211 1642 1295 1685 und
1303 1639 1606 1700 weitlaͤufftige

274 1673 574 1725 Allodial-Erben
586 1691 620 1729 zu
630 1682 819 1732 extendiren
833 1680 916 1739 iſt;
937 1686 1020 1734 Alſo
1039 1691 1122 1740 habt
1137 1691 1189 1741 ihr
1205 1694 1285 1744 dieſe
1303 1697 1356 1737 mit
1371 1696 1449 1745 ihrer
1459 1709 1602 1747 præten-

273 1725 345 1765 fion
359 1726 581 1781 abzuweiſen,
604 1734 660 1773 der
681 1733 948 1787 ſupplicirenden
963 1738 1106 1786 Witwe
1128 1741 1290 1793 hingegen
1306 1747 1388 1789 aber
1403 1748 1467 1789 das
1482 1746 1601 1799 voͤllige

274 1779 571 1832 Gnaden ⸗ Jahr
585 1782 720 1835 gehoͤrig
740 1788 864 1836 reichen
880 1799 918 1839 zu
943 1792 1051 1842 laſſen.
1099 1794 1237 1846 Seynd
1253 1799 1339 1848 euch
1361 1799 1425 1844 mit
1446 1800 1601 1848 Gnaden

270 1832 439 1877 gewogen.
492 1824 625 1884 Berlin
637 1835 696 1879 den
711 1829 782 1882 7ten
792 1835 1035 1889 Ianuarii
950 1839 1039 1895 1716.

1063 1938 1303 1995 Friedrich
1348 1946 1594 1999 Wilhelm.

361 2044 402 2083 §.
416 2037 606 2081 CCXCV.
649 2037 751 2088 Quia
766 2052 839 2079 non
846 2044 913 2081 iure
921 2044 1118 2086 hereditario,
1127 2045 1184 2087 ſed
1184 2049 1337 2100 ſingulari
1343 2053 1508 2093 debentur
1517 2057 1590 2098 hæc

267 2086 409 2121 annalia,
419 2082 500 2117 inde
510 2081 588 2121 fluit
601 2086 646 2135 α)
658 2089 770 2123 viduæ
786 2089 843 2125 illa
854 2098 1061 2142 competere,
1083 2091 1106 2129 ſi
1122 2096 1177 2132 vel
1187 2089 1343 2138 maxime,
1362 2105 1503 2149 receptis
1517 2106 1571 2145 illa

266 2135 315 2180 tis,
327 2135 513 2174 ſtatutariæ
521 2143 683 2176 portioni
689 2145 964 2196 renunciauerit:
976 2147 1067 2196 cum
1081 2154 1182 2190 etiam
1199 2149 1318 2190 viduæ
1330 2154 1506 2204 debeatur,
1520 2160 1591 2202 vbi

264 2176 358 2234 hanc
372 2178 468 2237 plane
478 2181 544 2233 non
565 2183 657 2227 habet,
676 2194 747 2241 nec
751 2187 866 2243 marito
888 2190 1044 2247 ſuccedit.
1048 2201 1103 2258 β)
1114 2195 1229 2252 Liberi
1251 2198 1288 2250 ad
1306 2198 1356 2251 illa
1375 2200 1514 2268 quoque
1527 2204 1586 2272 ad-

264 2232 453 2280 mittuntur,
469 2231 518 2286 qui
525 2236 599 2276 ſunt
624 2241 798 2281 exheredati,
806 2244 859 2279 vel
868 2244 910 2279 ab
918 2243 1103 2287 hereditate
1112 2260 1250 2298 paterna
1259 2251 1440 2294 abſtinent.
1465 2257 1512 2303 γ)
1512 2257 1590 2305 Nec

264 2282 447 2321 creditores
461 2286 661 2325 concurſum
673 2293 862 2333 excitantes,
874 2293 929 2329 illa
938 2296 980 2331 ad
991 2295 1131 2335 maſſam
1143 2299 1376 2340 hereditariam
1389 2304 1590 2348 trahere,
1541 2322 1592 2352 aut

262 2328 422 2370 arreſtum
436 2331 472 2369 iis
485 2331 663 2384 imponere
674 2342 823 2388 poſſunt.
876 2344 918 2388 δ)
934 2348 1011 2382 Nec
1025 2345 1206 2386 defunƈtus
1221 2351 1338 2397 paſtor
1357 2355 1468 2389 viduæ
1476 2367 1529 2392 vel
1545 2366 1586 2391 li-

261 2383 349 2423 beris
357 2383 413 2422 illa
423 2383 586 2433 adimere,
599 2391 805 2440 reſtringere,
814 2398 865 2431 vel
874 2401 968 2433 aliter
977 2402 1018 2434 de
1030 2401 1068 2433 iis
1077 2399 1255 2451 diſponere
1263 2405 1376 2452 poteſt
1385 2406 1420 2441 in
1428 2413 1588 2459 præiudi-

1609 2058 1709 2091 Annus
1716 2069 1813 2106 gratiæ

1607 2099 1708 2148 debetur
1727 2111 1788 2141 iure

1607 2148 1754 2190 ſingulari,
1768 2153 1833 2185 inde

1603 2197 1680 2232 plura
1688 2196 1801 2232 notatu

1614 2229 1688 2287 digna
1684 2232 1801 2282 fluunt.

961 2463 1047 2502 Ttt

1495 2468 1586 2510 cium
