2617 3300
396 766 736 808 DELATIONE,
759 768 1078 808 RELATIONE
1104 776 1176 816 ET
1195 777 1595 817 PRÆSTATIONE,
1610 777 1674 815 &c.

1715 774 1788 823 683

397 853 582 901 formula
592 853 752 912 jurandi
774 856 1040 915 diſceptatum
1059 859 1121 908 M.
1132 859 1246 911 Majo
1259 865 1382 914 1703.
1398 868 1450 907 an
1469 856 1545 907 den
1555 858 1791 908 Amtmann

396 925 467 976 zur
472 914 761 980 Auguſtsburg
773 921 813 964 in
826 911 1047 978 cauſaJoh.
1052 905 1217 979 Friedr.
1222 913 1572 984 Saamhammers
1587 919 1796 973 undConſ.

394 990 543 1022 contra
562 976 774 1040 Eliſabeth
791 979 1145 1039 Kretzſchmarin:
1165 979 1273 1035 Daß
1290 980 1482 1039 geſtaſten
1501 980 1673 1040 Sachen
1691 981 1791 1036 nach

394 1033 460 1085 die
478 1033 1143 1096 Ungehorſams ⸗ Beſchuldigung
1163 1037 1269 1094 nicht
1297 1035 1394 1094 ſtatt
1420 1039 1517 1097 hat,
1556 1035 1723 1099 ſondern
1743 1043 1790 1087 es

396 1093 506 1147 wird
519 1095 580 1148 die
589 1094 902 1157 Kretzſchmarin
917 1106 964 1152 zu
976 1093 1190 1153 Ablegung
1209 1097 1282 1147 des
1304 1097 1372 1158 ihr
1390 1099 1640 1160 auferſegten
1652 1096 1790 1161 Eydes

395 1156 548 1215 annoch
563 1154 698 1214 billich
706 1153 938 1217 zugelaſſen.
994 1150 1044 1204 V.
1066 1159 1096 1208 R.
1109 1161 1193 1212 W.

467 1229 578 1284 CX.
622 1224 765 1283 Idem
791 1222 903 1295 juris
923 1219 1018 1290 eſt,
1047 1222 1082 1280 ſi
1104 1243 1164 1280 ex
1183 1228 1546 1299 compromiſſo
1574 1235 1790 1301 partium

398 1296 637 1343 terminus
662 1289 727 1343 ad
742 1283 1008 1360 jurandum
1029 1290 1253 1360 præfixus
1274 1314 1589 1363 prorogetur.

451 1379 515 1423 Ita
528 1385 609 1429 Dn.
624 1384 737 1417 Scab.
751 1374 845 1413 Lipſ.
872 1373 925 1415 M.
937 1367 1171 1428 Septembr.
1198 1390 1324 1439 1698.
1346 1402 1398 1441 an
1423 1396 1631 1441 Chriſtian
1651 1394 1799 1452 Glaſe⸗

393 1448 559 1483 walden
577 1444 666 1479 zum
691 1441 832 1474 Hayn:
867 1424 957 1478 Hat
968 1427 1018 1481 L.
1049 1436 1225 1494 Johann
1248 1447 1453 1509 Friedrich
1461 1454 1508 1516 F.
1524 1464 1604 1497 vor
1619 1459 1708 1510 dem
1727 1459 1793 1508 ho⸗

392 1501 473 1549 hen
511 1489 993 1545 Appellation - Gerichte
1009 1495 1135 1545 wider
1169 1494 1381 1559 denſelben
1407 1524 1554 1567 wegen
1576 1510 1798 1561 ſchuldiger

391 1560 495 1601 100.
504 1555 606 1598 thlr.
640 1549 703 1590 Er
714 1541 910 1594 hingegen
919 1540 1050 1599 wider
1061 1555 1177 1605 jenen
1193 1568 1267 1607 vor
1283 1567 1373 1615 dem
1392 1571 1669 1626 Creyß⸗Amte
1679 1572 1795 1632 Wit⸗

393 1614 554 1660 tenberg
579 1615 720 1656 wegen
741 1609 844 1656 315.
856 1601 949 1654 thlr.
980 1606 1104 1665 Klage
1131 1615 1377 1679 angeſtellet;
1406 1633 1619 1683 Nachdem
1646 1641 1724 1680 nun
1740 1634 1793 1685 L.

387 1663 438 1720 F.
447 1668 523 1712 der
531 1661 712 1707 daruͤber
729 1658 915 1706 deferirte
933 1656 1019 1722 Eyd
1031 1676 1270 1733 zuerkannt,
1307 1679 1394 1727 und
1418 1694 1465 1741 zu
1487 1691 1696 1745 Ablegung
1710 1687 1798 1742 deſ⸗

389 1725 512 1776 ſelben
535 1723 612 1766 der
629 1720 709 1765 25.
726 1716 953 1762 Novembr.
966 1719 1043 1766 des
1066 1730 1372 1785 abgewichenen
1403 1751 1607 1796 1697ſten
1623 1750 1793 1803 Jahres

388 1785 471 1831 pro
485 1774 683 1820 Termino
698 1775 970 1823 anberaumet
980 1782 1162 1833 worden,
1176 1787 1224 1836 in
1234 1793 1418 1847 welchem
1438 1800 1565 1858 beyde
1578 1806 1717 1864 Theile
1734 1817 1796 1860 er⸗

388 1832 581 1886 ſchienen,
597 1827 675 1882 und
691 1832 753 1875 ein
771 1827 1077 1889 Compromiſs,
1086 1837 1171 1885 daß
1183 1843 1253 1891 der
1269 1848 1451 1906 Termin
1466 1872 1637 1922 vorjetzo
1654 1870 1796 1922 aufge⸗

384 1902 594 1947 nommen,
624 1898 707 1940 und
736 1894 806 1940 auf
821 1891 887 1945 ein
901 1895 1016 1952 gantz
1032 1891 1127 1947 halb
1159 1902 1290 1961 Jahr,
1326 1911 1478 1967 binnen
1503 1930 1667 1983 welcher
1687 1925 1795 1984 Zeit

392 1952 446 2017 ſie
451 1953 524 2017 ſich
533 1957 684 2013 guͤtlich
694 1949 966 2002 vernehmen,
978 1961 1063 2000 und
1070 1959 1140 2003 wo
1163 1960 1329 2023 moͤglich
1345 1975 1598 2030 vergleichen
1616 1987 1796 2050 wolten,

390 2003 439 2066 in
445 2002 627 2079 ſuſpenſo
634 2017 805 2076 gelaſſen
823 2022 991 2070 werden
1009 2020 1117 2074 ſolle,
1139 2019 1428 2078 aufgerichtet,
1459 2031 1670 2070 darneben
1690 2047 1790 2080 auch

387 2079 434 2122 L.
448 2078 494 2140 F.
506 2075 778 2136 verſprochen,
790 2076 868 2126 den
879 2075 957 2128 mit
966 2074 1075 2133 ihme
1085 2078 1144 2128 im
1153 2077 1489 2139 Hochgedachten
1503 2094 1788 2141 Appellation-

388 2141 583 2201 Gerichte
594 2137 809 2199 habenden
817 2136 982 2194 Proceß
998 2137 1225 2200 gleichfalls
1236 2138 1274 2201 ſo
1294 2143 1413 2202 lange
1431 2149 1563 2200 ruhen
1585 2163 1635 2204 zu
1647 2159 1788 2205 laſſen,

389 2201 475 2250 und
485 2202 563 2254 mit
575 2194 739 2262 ſelbigen
760 2190 823 2252 biß
827 2196 927 2251 nach
936 2195 1222 2264 Verflieſſung
1245 2197 1357 2251 eines
1375 2207 1527 2258 halben
1548 2217 1723 2264 Jahres
1743 2228 1788 2254 in

390 2259 524 2320 Ruhe
541 2273 591 2323 zu
609 2248 759 2319 ſtehen,
783 2255 1021 2317 gleichwohl
1041 2260 1142 2313 aber
1162 2270 1246 2311 von
1263 2261 1361 2322 Zeit
1376 2270 1449 2312 des
1467 2282 1787 2325 aufgerichteten

388 2316 679 2374 compromiſſi
693 2309 764 2376 bey
772 2313 879 2372 nahe
899 2313 999 2373 drey
1017 2317 1163 2369 viertel
1183 2319 1307 2379 Jahr
1324 2331 1555 2379 verfloſſen,
1576 2344 1662 2370 und
1673 2347 1718 2392 L.
1736 2345 1787 2407 F.

387 2380 502 2426 zwar
511 2378 592 2431 den
602 2372 765 2438 Proceß
775 2385 852 2426 vor
862 2373 952 2424 dem
965 2376 1440 2435 Appellation - Gerichte
1461 2393 1558 2435 aufs
1571 2406 1671 2429 neue
1685 2401 1786 2434 fort⸗

386 2433 586 2490 geſtellet:
603 2437 820 2497 Hingegen
828 2443 905 2484 vor
924 2434 1015 2485 dem
1024 2438 1304 2498 Creyß⸗Amte
1316 2448 1590 2502 Wittenberg
1609 2457 1681 2501 ſich
1700 2468 1782 2490 we⸗

388 2478 460 2529 der
480 2485 531 2527 ad
547 2490 853 2543 præſtationem
868 2484 1101 2536 Juramenti
1120 2498 1348 2538 wiederum
1370 2511 1576 2544 offeriret,
1604 2522 1787 2554 weniger

388 2540 536 2599 ſolches
544 2548 734 2606 geleiſtet,
746 2549 786 2607 ſo
805 2544 894 2596 will
904 2543 1090 2606 derſelbe,
1111 2554 1164 2600 ob
1186 2563 1231 2597 er
1248 2560 1319 2607 ſich
1347 2567 1454 2605 nicht
1468 2571 1606 2628 daran
1628 2583 1789 2634 verſaͤu⸗

386 2608 484 2660 met,
496 2601 688 2662 berichtet
697 2611 803 2667 ſeyn.
843 2606 904 2660 O.
916 2614 955 2652 n.
968 2600 1023 2654 w.
1037 2611 1284 2668 angefuͤhret
1292 2627 1418 2666 wird,
1437 2636 1482 2695 es
1491 2634 1556 2703 ſey
1563 2638 1646 2703 das
1655 2643 1789 2695 Com-

385 2666 557 2728 promiſs
569 2671 793 2714 ſtrictiſſimi
803 2670 907 2723 Juris
918 2666 1001 2727 und
1001 2666 1124 2729 haͤtte
1135 2677 1168 2719 L.
1214 2671 1230 2733 F.
1232 2677 1317 2745 die
1328 2698 1533 2752 darinnen
1552 2699 1784 2765 ausgeſetzte

387 2703 644 2771 halbjaͤhrige
656 2687 765 2768 Friſt
774 2712 874 2771 nicht
891 2712 1010 2767 ſollen
1021 2725 1242 2787 vergeblich
1262 2744 1416 2804 vorbey
1433 2752 1622 2818 ſtreichen
1641 2766 1774 2815 laſſen,

386 2789 558 2854 ſondern
576 2788 787 2850 allenfalls
802 2788 880 2853 bey
890 2789 1070 2856 Ablauff
1081 2791 1284 2855 derſelben
1305 2805 1377 2854 ſich
1397 2816 1636 2854 nochmahls
1653 2812 1777 2844 darzu

1676 2877 1774 2915 offe-
