1675 2522
347 391 558 423 poſitiuarum
580 391 820 432 uniuerſalium.

959 374 1055 419 159

185 465 440 522 hebdomadis,
466 477 525 514 ſed
537 474 595 528 pro
625 476 695 519 tota
722 474 945 507 hebdomade
968 469 1056 513 acci-

193 527 360 571 piamus,
394 535 466 575 quo
486 522 583 563 ſenſu
607 522 828 566 Phariſaeus,
854 525 927 560 Luc.
939 520 1056 555 XVIII.

195 577 238 608 12.
255 572 328 614 ait :
342 578 445 612 leiuno
460 574 507 610 bis
522 580 556 610 in
573 572 738 613 Sabbatho.
765 573 867 612 Conf.
879 577 1055 610 CASAV-

195 634 341 661 BONVS
355 626 401 662 ad
414 629 536 662 Sueton.
552 624 604 660 l.c.
645 624 825 673 Inſignem
840 626 959 663 locum
969 624 1057 664 PLV-

195 686 355 720 TARCHI,
378 676 418 713 In
432 687 503 725 quo
516 674 679 715 Sabbathi
693 674 824 712 iudaici
832 674 1057 712 mentionem

195 726 303 774 facit,
327 730 477 769 recenſet
502 730 711 767 BUDDEVS
736 742 762 764 c.
784 731 808 764 l.
830 732 902 766 Per.
929 740 961 765 u.
966 731 1058 776 ſeƈt.

193 786 220 811 2.
236 781 270 821 §.
279 793 326 825 31.
341 779 385 817 ob
395 775 557 818 Sabbathi
573 773 731 830 quietem
746 773 891 817 Iudaeos
906 775 1059 828 exagitat

194 826 457 879 IVVENALIS
469 820 512 882 ſal.
536 838 584 870 14.

246 893 311 933 Sed
326 900 427 941 pater
450 894 487 927 in
523 885 646 943 cauſſa,
680 893 732 930 cui
746 884 889 945 ſeptima
911 899 1054 939 quaeque

905 944 979 992 fuit
996 944 1055 979 lux

201 997 390 1049 Ignaua,
415 993 455 1032 &
463 1003 594 1046 partem
606 999 696 1033 vitae
713 1004 777 1032 non
791 996 910 1043 attigit
924 993 1057 1034 vllam;

196 1063 429 1113 quamobrem
453 1061 577 1101 Iudaei
604 1065 626 1100 a
657 1061 924 1101 MARTIALE
946 1059 1001 1098 lib.
1020 1068 1060 1105 4.

195 1121 380 1166 epigramm.
390 1129 422 1162 4.
444 1120 735 1154 SABBATARII
758 1120 935 1154 vocantur.
988 1116 1057 1153 Im-

194 1181 259 1208 mo
270 1169 307 1224 &
324 1167 406 1212 alias
425 1167 635 1213 Iudaeorum
651 1166 742 1220 leges
758 1179 798 1207 ac
813 1165 898 1206 ritus
910 1163 956 1206 ad
973 1177 1056 1219 gen-

197 1228 247 1262 tes
270 1222 514 1271 promanaſſe,
543 1221 736 1265 oſtendunt
761 1219 909 1266 eruditi,
934 1221 998 1273 qui
1017 1218 1059 1263 in

195 1269 418 1317 conferendis
439 1275 650 1314 Iudaeorum
666 1274 888 1312 aliorumque
907 1274 1060 1322 populo-

193 1334 277 1361 rum
291 1327 428 1375 legibus
455 1323 667 1362 deſudarunt
690 1311 879 1366 indeſeſſe,
905 1331 1061 1370 quorum

192 1380 345 1423 nomina
356 1378 508 1429 recenſet
521 1380 599 1416 tum
616 1386 709 1416 IOH.
721 1376 922 1409 ARNDIVS
941 1370 977 1402 in
991 1367 1060 1409 ma-

198 1441 292 1472 nuali
314 1434 418 1475 legum
437 1429 677 1473 moſaicarum,
701 1430 779 1464 tum
805 1425 1058 1469 MELCHIOR

196 1487 526 1525 LEIDEKKERVS
538 1479 577 1515 de
601 1477 719 1527 republ.
741 1476 887 1515 Ebraeor.
914 1476 967 1512 lib.
983 1488 1016 1521 5.
1029 1488 1057 1513 c.

196 1540 229 1577 8.
237 1541 317 1577 pag.
335 1550 393 1578 291.
404 1530 481 1578 ſqq.
531 1527 645 1568 Facile
656 1526 764 1578 igitur
779 1531 872 1577 patet
888 1527 1002 1576 legem
1010 1521 1058 1564 de

193 1582 468 1626 ſanƈtificando
483 1579 656 1625 Sabbatho
683 1588 801 1627 neque
839 1582 1057 1627 naturalem,

195 1643 316 1684 neque
329 1634 520 1680 poſitiuam
535 1627 763 1669 vniuerſalem
778 1630 869 1670 eſſe,
883 1630 960 1668 licet
978 1628 1058 1666 Sab-

194 1693 342 1730 bathum
361 1682 522 1731 gentibus
538 1684 693 1728 notum,
715 1679 751 1718 &
770 1690 815 1717 ex
837 1685 933 1733 parte
951 1676 1058 1724 fuerit

198 1746 427 1790 obſeruatum.

541 1811 574 1842 §.
541 1842 574 1851 §.
623 1797 732 1838 LXV.

243 1861 405 1911 Supereſt
420 1866 606 1908 vltimum,
632 1856 732 1909 quod
759 1857 991 1897 diſſentientes
1012 1867 1057 1898 ex

199 1924 312 1959 verbis
330 1917 426 1955 Pauli
445 1920 493 1956 ad
525 1912 622 1951 Hebr.
643 1913 698 1949 IV.
713 1922 747 1956 3.
764 1923 795 1963 4.
812 1908 1054 1958 depromunt,

195 1977 368 2014 dubium,
392 1967 432 2011 in
446 1971 519 2012 quo
536 1971 585 2009 III.
603 1962 881 2000 KIPPINGIVS
903 1958 924 1992 l.
940 1967 970 2008 c.
970 1967 1055 2008 pag.

192 2029 244 2068 57.
262 2027 408 2062 quoque
435 2018 471 2060 ſe
488 2021 625 2059 fundat.
674 2011 737 2051 Ait
756 2007 973 2058 Apoſtolus:
1003 2016 1057 2051 In-

195 2074 332 2119 troimus
342 2070 427 2114 enim
444 2080 485 2113 in
498 2069 642 2110 requiem
660 2071 715 2101 nos
738 2061 796 2109 qui
820 2057 996 2104 credimus,
1011 2060 1057 2106 ſi-

610 2120 690 2171 L4

1001 2124 1061 2156 cut
