2939 4236
810 627 913 703 70

837 732 1036 803 piamus
1049 734 1339 809 exemplum
1364 738 1450 795 rei.
1527 738 1779 801 Dextram
1803 742 1929 800 DEI
1946 745 2197 817 Scriptura
2228 741 2293 799 ad
2318 748 2493 800 omnia

839 793 1083 859 mutanda
1106 805 1325 867 ſufficere
1350 811 1648 883 profitetur:
1692 817 1874 880 Quum
1896 830 2020 871 vero
2044 818 2223 882 DEO,
2254 833 2316 874 vt
2336 817 2494 889 Spiri-

829 886 949 941 tui,
989 886 1215 942 membra
1253 893 1481 960 corporis
1513 892 1665 948 tribui
1701 911 1996 965 nequeant;
2046 897 2112 951 ab
2147 899 2270 954 idea
2289 902 2489 955 termini

835 965 1071 1035 propria,
1110 970 1301 1026 neceſſe
1322 973 1432 1033 eſt,
1451 968 1533 1024 ad
1567 973 1891 1044 impropriam
1934 975 2271 1034 deueniamus.
2379 979 2490 1045 Qui

835 1039 981 1094 vſum
1010 1044 1156 1101 vocis
1179 1041 1397 1097 conſulit
1429 1056 1582 1114 atque
1607 1047 1727 1102 ideæ
1752 1050 1965 1121 propriæ
1999 1051 2377 1113 conditionem,
2421 1049 2487 1104 ad

831 1122 1213 1194 concipiendam
1236 1128 1520 1197 potentiam
1540 1131 1720 1199 ſponte
1737 1133 1831 1186 ſua
1856 1132 2092 1201 ducitur;
2125 1133 2289 1206 poteſt
2313 1146 2486 1191 autem

831 1197 1091 1256 intellectu
1140 1200 1385 1258 hominis
1414 1202 1807 1276 comprehendi,
1859 1224 1952 1260 cur
2000 1213 2269 1265 mutationi
2317 1226 2483 1266 rerum

822 1274 1065 1329 omnium
1083 1291 1174 1347 par
1188 1274 1250 1332 ſit
1269 1274 1433 1333 diuina
1461 1281 1721 1351 potentia:
1754 1281 1925 1354 itaque
1947 1300 2133 1339 nexum
2159 1289 2377 1342 idearum
2406 1287 2485 1343 hic

834 1344 1045 1402 obuium
1080 1348 1313 1403 euoluere
1349 1349 1466 1406 licet
1498 1354 1769 1424 interpreti.
1876 1357 2121 1416 Contra,
2166 1362 2380 1430 quando
2411 1351 2486 1414 Fi-

821 1430 927 1490 lius
959 1429 1097 1490 DEI
1135 1446 1356 1507 paternæ
1403 1433 1577 1505 gloriæ
1616 1435 1848 1512 ſplendor
1890 1440 2198 1517 appellatur,
2262 1441 2487 1517 propoſi-

830 1505 983 1560 tionis
1006 1506 1097 1559 alia
1123 1508 1197 1562 eſt
1224 1505 1430 1568 indoles.
1532 1508 1786 1578 Quamuis
1819 1516 1955 1566 enim
1980 1522 2254 1587 proprietas
2295 1532 2484 1571 vocum

829 1576 1007 1633 ſeruari
1047 1590 1304 1650 nequeat;
1329 1581 1467 1637 vſus
1510 1595 1682 1645 tamen
1721 1587 1778 1640 &
1821 1602 2090 1642 contextus
2136 1597 2207 1642 ita
2246 1590 2484 1661 explicare

822 1655 970 1715 iubet
995 1655 1259 1722 aſſertum,
1299 1675 1361 1716 vt
1386 1659 1594 1723 Chriſto
1620 1662 1806 1727 eadem
1828 1668 2072 1738 perfectio
2106 1670 2385 1738 eademque
2411 1669 2484 1722 di-

816 1729 946 1787 uina
976 1726 1175 1785 eſſentia
1213 1730 1531 1794 vindicetur,
1572 1748 1686 1805 quæ
1719 1738 1892 1811 DEO
1932 1746 2061 1797 Patri
2101 1748 2383 1812 competit,
2432 1742 2481 1795 id

811 1811 969 1881 quod
1002 1812 1209 1870 humani
1247 1812 1536 1882 intellectus
1577 1817 1823 1893 ſphæram
1861 1822 2037 1896 procul
2077 1824 2234 1882 dubio
2273 1825 2480 1884 excedit.

826 1893 1168 1954 Nihilominus
1196 1892 1509 1956 admittenda
1540 1898 1612 1961 eſt
1636 1898 1920 1973 propoſitio
1957 1908 2041 1964 &,
2073 1904 2113 1960 ſi
2145 1906 2300 1961 alium
2327 1908 2481 1960 inter-

825 1976 940 2031 pres
970 1956 1165 2018 ſenſum
1201 1976 1457 2036 quæreret,
1485 1968 1654 2033 minus
1685 1971 1827 2032 recte
1849 1970 2024 2032 officio
2057 1979 2152 2028 ſuo
2183 1976 2479 2044 fungeretur.

811 2038 950 2098 Hæc
985 2041 1136 2101 ſunt,
1180 2056 1293 2109 quæ
1320 2045 1373 2102 in
1404 2044 1532 2103 locis
1567 2045 1825 2120 Scripturæ
1834 2043 2164 2123 dogmaticis
2189 2048 2480 2116 obſeruanda

813 2115 1084 2181 interpreti
1118 2125 1281 2181 puto,
1331 2128 1397 2168 vt
1420 2131 1530 2170 nec
1548 2133 1738 2186 parum
1767 2122 1948 2177 rationi
1986 2138 2081 2177 nec
2113 2125 2332 2180 nimium
2365 2141 2478 2195 per-

827 2179 1014 2237 mittat.
1060 2177 1371 2245 Nimirum,
1406 2199 1465 2239 vt
1484 2190 1655 2258 paucis
1679 2205 1788 2242 rem
1814 2187 2155 2266 complectar;
2187 2198 2366 2249 rationi
2393 2197 2477 2250 de-

824 2266 977 2325 ſerere
1012 2265 1370 2338 proprietatem
1400 2266 1482 2324 hic
1513 2254 1657 2329 licet,
1696 2271 1751 2326 &
1774 2284 1888 2344 quæ
1921 2276 2035 2332 ſunt
2064 2272 2354 2335 vſitatiora,
2386 2273 2475 2331 vbi

804 2365 888 2402 ex
924 2349 1171 2420 principiis
1211 2355 1356 2407 certis
1395 2352 1475 2411 vel
1514 2354 1683 2418 aſſerti
1724 2353 1986 2416 falſitatem
2029 2358 2113 2422 vel
2149 2361 2407 2420 diſſenſum
2444 2383 2475 2417 a

825 2434 1073 2471 contextu
1091 2422 1144 2474 &
1169 2421 1357 2491 reliqua
1376 2421 1614 2480 orationis
1639 2427 1934 2491 conditione
1968 2430 2316 2488 imminentem
2343 2426 2473 2487 valet

823 2495 1096 2547 deducere:
1139 2507 1319 2547 contra
1340 2492 1681 2556 inhærendum
1707 2497 1779 2552 eſt
1813 2508 2104 2573 proprietati
2136 2520 2288 2574 atque
2326 2502 2475 2562 vſita-

822 2571 1033 2624 tioribus
1060 2570 1178 2623 ideis
1200 2575 1507 2645 impropriis,
1540 2566 1838 2652 ſuffragante
1866 2587 2093 2655 vtrinque
2110 2587 2344 2638 vniuerſæ
2356 2603 2474 2636 ora-

821 2656 973 2708 tionis
993 2652 1177 2713 indole,
1213 2674 1332 2715 cum
1354 2658 1447 2712 vbi
1456 2661 1634 2715 veritas
1654 2657 2004 2734 propoſitionis
2016 2658 2278 2723 manifeſta
2306 2669 2398 2732 eſt,
2418 2671 2471 2723 &

823 2748 885 2783 ex
901 2730 1013 2800 ipſis
1031 2733 1149 2784 ideis
1163 2732 1322 2785 euinci
1343 2731 1544 2805 poteſt,
1564 2751 1677 2796 tum
1689 2737 1775 2792 vbi
1794 2742 2006 2806 emergit
2022 2736 2339 2812 propoſitio,
2361 2759 2472 2812 quæ

805 2791 1118 2861 ſublimitate
1128 2801 1218 2855 ſua
1239 2804 1519 2860 menſuram
1541 2814 1743 2867 rationis
1762 2813 1985 2874 excedit,
2029 2834 2123 2872 nec
2143 2816 2256 2870 licet
2276 2821 2327 2868 in
2347 2831 2470 2868 con-

808 2882 1025 2935 trarium
1048 2872 1131 2929 hic
1150 2878 1387 2950 principia
1410 2884 1576 2934 minus
1603 2904 1736 2937 certa
1750 2905 1944 2952 vrgere.
2038 2895 2288 2962 Supereſt,
2326 2911 2386 2947 vt
2407 2891 2470 2948 de

817 2964 1064 3032 limitibus
1064 2972 1232 3035 agam
1249 2972 1451 3025 rationis
1470 2973 1520 3024 in
1538 2973 1949 3048 interpretatione
1959 2974 2190 3036 locorum
2214 2978 2466 3040 hiſtorico-

816 3056 942 3099 rum.
1014 3043 1253 3102 Hiſtorici
1265 3040 1364 3100 loci
1386 3043 1530 3106 ſunt,
1554 3047 1604 3100 in
1635 3049 1817 3123 quibus
1833 3051 1971 3127 facta
2002 3059 2325 3131 recenſentur,
2363 3051 2466 3113 ſiue

817 3133 873 3167 ea
893 3121 1145 3170 cauſarum
1175 3112 1587 3188 intelligentium,
1622 3125 1723 3178 ſiue
1750 3126 1915 3181 rerum
1945 3123 2169 3185 libertate
2193 3125 2468 3189 carentium

815 3185 1073 3263 proximus
1101 3196 1197 3255 ſint
1225 3196 1453 3259 effectus.
1522 3201 1595 3259 Et
1619 3192 1869 3275 factorum
1908 3204 2137 3278 quidem,
2176 3205 2390 3281 perinde
2407 3221 2466 3262 vt

797 3260 1139 3332 dogmatum,
1177 3269 1361 3327 diuerſa
1385 3271 1434 3323 in
1450 3269 1709 3343 Scripturis
1730 3269 1866 3329 ratio
1859 3309 2280 3344 deprehenditur.
2346 3274 2465 3338 Alia

812 3362 902 3422 per
926 3342 1055 3416 leges
1094 3365 1280 3410 naturæ
1310 3347 1458 3412 nobis
1487 3354 1713 3426 cognitas
1752 3350 1949 3424 abunde
1966 3361 2183 3436 poſſunt
2208 3358 2464 3434 explicari:

2364 3445 2468 3493 alia
