2333 2934
1305 504 1352 572 12

735 575 774 621 §.
802 574 854 617 X.
897 572 1190 639 Quæcunque
1192 575 1270 645 jam
1284 584 1339 630 de
1355 586 1588 640 neceſſitate
1609 595 1905 650 Incarnationis
1925 605 2000 650 vel

651 647 673 676 a
684 620 874 680 Patribus
885 634 1084 693 diſputata
1105 639 1219 696 ſunt,
1239 646 1307 691 vel
1320 645 1457 696 adhuc
1472 650 1740 714 difputantur,
1757 661 1807 703 ad
1825 662 1993 712 neceſſi-

647 694 779 733 tatem
801 689 1122 751 hypotheticam
1148 701 1348 750 recidunt.
1412 706 1590 757 Decebat
1616 711 1768 772 quidem
1788 722 1997 779 principem

639 743 772 805 ſalutis
778 762 847 809 per
851 750 1032 806 paſſiones
1036 756 1192 817 perfici,
1229 766 1311 826 quae
1313 767 1538 822 neceſſariò
1555 767 1841 832 ſupponebant
1858 781 1991 827 Incar-

647 804 864 852 nationem
875 807 1000 856 Hebr.
1010 811 1139 868 II,10.
1151 827 1212 871 14.
1273 819 1354 868 Sed
1371 823 1467 871 hæc
1488 829 1633 874 omnia
1648 831 1836 880 nituntur
1851 834 1994 894 hypo-

642 863 764 909 theſi
767 860 819 917 de
821 864 1123 927 redemptione.
1177 878 1264 923 Nec
1276 880 1390 927 aliter
1408 884 1515 928 forte
1529 886 1783 939 Anshelmus
1799 894 1886 944 Lib.
1899 898 1995 944 Cur

641 926 766 971 Deus
775 921 924 979 homo;
936 929 977 972 &
989 928 1220 981 Richardus
1228 938 1280 982 de
1289 937 1431 988 Verbo
1443 943 1600 989 Incarn.
1609 956 1715 1002 quos
1727 952 1884 1009 primos
1899 954 1992 1000 vul-

644 977 706 1032 gò
718 975 962 1029 neceſſitatis
973 994 1175 1046 patronos
1190 991 1362 1041 habent.
1420 997 1492 1047 Ille
1502 1000 1616 1048 enim
1629 1015 1696 1059 per
1716 1013 1865 1067 quatuor
1898 1023 1992 1068 par-

641 1048 708 1080 tes
726 1040 923 1096 procedit.
987 1047 1186 1106 Nempe,
1212 1053 1329 1108 quod
1345 1058 1612 1108 neceſſarium
1630 1063 1752 1112 fuerit
1766 1069 1986 1119 hominem

637 1097 806 1142 redimi.
839 1095 1034 1165 Secundò,
1057 1104 1150 1167 quod
1163 1122 1252 1155 non
1262 1115 1448 1169 potuerit
1456 1119 1602 1167 redimi
1614 1123 1698 1170 ſine
1705 1126 1985 1179 ſatisfaƈtione.

640 1154 803 1211 Tertiò,
811 1160 931 1215 quod
936 1162 1028 1208 hæc
1036 1167 1259 1223 præſtanda
1266 1172 1392 1222 fuerit
1401 1177 1427 1221 à
1432 1178 1656 1234 ϑεανϑϱώπῳ.
1695 1182 1863 1243 Quartò
1870 1191 1985 1244 quod

638 1215 717 1262 per
737 1217 922 1257 mortem
949 1214 1076 1264 fuerit
1108 1220 1366 1273 abſolvenda.
1456 1230 1549 1277 Hæc
1570 1225 1717 1282 Scotus
1752 1239 1897 1286 omnia
1922 1254 1986 1286 re-

634 1269 753 1316 ducit
762 1274 815 1319 ad
824 1275 1129 1327 ordinationem
1138 1283 1346 1340 divinam,
1363 1303 1461 1347 quæ
1467 1292 1673 1345 liberrima
1684 1302 1784 1355 fuit,
1803 1306 1877 1351 III.
1896 1307 1990 1354 diſt.

635 1342 788 1386 21.q.1.
806 1339 912 1384 Add.
926 1339 1138 1397 Teſtimonia
1155 1344 1317 1403 Primæ,
1334 1350 1507 1412 Mediæ,
1520 1355 1576 1411 &
1581 1358 1729 1410 Ultimæ
1737 1365 1860 1410 ætatis
1871 1367 1983 1415 Chri-

626 1380 760 1441 ſtianæ
769 1381 1011 1442 Doƈtorum
1031 1393 1232 1451 eorumque
1239 1408 1301 1457 non
1317 1404 1439 1464 infimæ
1455 1410 1693 1473 autoritatis,
1717 1411 1822 1469 quod
1828 1412 1980 1475 ſatisfa-

632 1438 711 1489 ƈtio
734 1441 871 1493 divini
882 1445 1078 1495 duntaxat
1092 1450 1238 1499 decreti
1251 1454 1440 1512 ratione,
1461 1466 1516 1512 &
1534 1465 1587 1508 ob
1600 1475 1892 1531 congruentiam,
1906 1486 1984 1519 non

631 1496 741 1546 verò
748 1496 917 1561 abſolutè
917 1497 1117 1567 neceſſaria
1117 1503 1268 1567 fuerit,
1284 1514 1338 1560 ad
1342 1514 1515 1574 illuſtrem
1527 1521 1778 1582 quendam
1725 1528 1879 1577 Virum
1888 1544 1988 1589 per-

622 1556 770 1617 ſcripta
779 1559 819 1604 &
843 1557 1001 1620 Helmſt.
1001 1563 1111 1629 1678.
1117 1560 1289 1620 excuſa.
1328 1567 1422 1623 Ubi
1422 1567 1466 1625 in
1477 1577 1566 1627 fine
1579 1582 1630 1626 ad
1646 1583 1711 1630 illa
1733 1574 1862 1636 verbo
1889 1590 1975 1638 Lu-

623 1617 751 1664 theri:
764 1617 882 1684 Poſſet
920 1619 1012 1679 Deus
1015 1625 1293 1685 omnipotentiâ
1292 1629 1370 1692 ſuâ
1388 1627 1551 1697 ſalvare
1552 1648 1678 1698 genus
1690 1639 1887 1694 humanum
1898 1650 1980 1706 ſine

619 1675 802 1738 Chriſto;
788 1679 1014 1737 adduntur
1021 1686 1114 1733 hæc
1122 1692 1174 1736 B.
1185 1681 1333 1743 Calixti
1345 1696 1496 1751 Patris:
1496 1700 1607 1754 haͤtte
1612 1706 1688 1754 ers
1705 1703 1854 1759 koͤnnen
1874 1711 1976 1768 thun

625 1734 747 1802 gantz
769 1738 862 1797 ohne
878 1739 1134 1801 Chriſtum/
1161 1751 1200 1800 ſo
1216 1753 1330 1806 haͤtte
1354 1761 1423 1804 ers
1440 1760 1544 1814 auch
1560 1760 1723 1815 koͤnnen
1745 1766 1849 1824 thun
1871 1772 1975 1825 ohne

623 1794 746 1837 einen
756 1792 993 1853 Chriſtum/
1004 1802 1074 1847 der
1080 1800 1219 1853 GOtt
1246 1803 1355 1855 waͤre.
1416 1811 1470 1854 Et
1482 1799 1599 1859 facile
1609 1822 1736 1874 patet,
1749 1816 1815 1866 his
1832 1822 1975 1870 omni-

617 1852 702 1888 bus
712 1855 854 1904 negari
865 1853 1093 1899 abſolutam
1111 1857 1409 1915 neceſſitatem,
1428 1866 1472 1909 &
1489 1856 1711 1919 abſurdum
1730 1877 1834 1926 eſſe,
1853 1877 1971 1932 inde,

617 1912 845 1965 poſtquam
855 1924 923 1953 res
935 1914 1109 1960 demum
1121 1915 1395 1969 determinata
1409 1923 1517 1972 fuit,
1544 1927 1755 1989 nobisque
1772 1936 1968 1994 revelata,

617 1966 691 2010 vel
699 1968 983 2023 divinitatem,
995 1975 1059 2032 vel
1058 1984 1198 2020 totum
1209 1989 1319 2035 opus
1326 1980 1598 2033 redemtionis
1604 1991 1649 2036 in
1657 1990 1832 2040 dubium
1844 2007 1967 2045 voca-

611 2034 695 2074 re,
714 2035 781 2068 aut
786 2026 1019 2077 libertatem
1028 2042 1257 2096 utrumque
1271 2037 1432 2089 horum
1446 2044 1653 2097 credendi
1662 2051 1913 2114 relinquere.

696 2150 740 2210 §.
759 2152 831 2199 XI.
860 2151 1154 2208 Neceſſitatem
1177 2160 1478 2215 Incarnationis
1496 2169 1577 2227 ipſe
1595 2172 1710 2223 aƈtus
1730 2178 1901 2236 excipit,
1916 2180 1971 2228 in

606 2190 697 2257 quo
709 2205 955 2263 reſpicienda
965 2211 1023 2256 eſt
1032 2215 1211 2266 omnino
1227 2216 1342 2269 Unio
1363 2215 1634 2284 Hypoſtatica
1642 2230 1711 2280 vel
1723 2229 1962 2289 Perſonalis.

1851 2300 1958 2344 Quo
