2388 2888
1359 397 1442 441 152

725 455 904 513 Guͤther
922 454 1010 505 und
1032 457 1150 507 gutte
1174 454 1362 514 Politzey
1382 457 1543 511 tragen.
1615 460 1742 507 Inſtr.
1762 459 1868 506 Fiſc.
1892 459 1946 505 de
1974 470 2097 510 anno

729 529 851 580 1651.
876 524 947 569 die
971 540 1023 578 25.
1033 517 1187 584 April.

779 577 980 619 Derſelbe
1000 574 1090 618 ſolle
1112 570 1259 616 wieder
1281 570 1343 617 die
1371 567 1578 615 moroſos
1600 574 1943 619 contribuentes
1965 571 2101 629 beſon⸗

723 637 821 677 ders
844 634 1032 670 notoriè
1043 633 1328 685 potentiores
1349 642 1425 688 per
1444 630 1735 678 breviſſimam
1755 634 1873 677 viam
1892 634 2020 686 durch
2037 633 2102 682 die

723 691 957 731 immiſſion
980 698 1022 730 in
1042 691 1162 731 einen
1178 687 1575 743 proportionirten
1598 687 1758 740 Grund
1786 690 1849 737 die
1869 689 2102 739 execution

720 752 991 796 vornehmen.
1050 746 1195 790 Reſcr.
1231 746 1397 790 deanno
1418 752 1529 808 1705.
1559 744 1631 791 die
1647 761 1684 803 4.
1703 746 1987 803 Septembris.
2016 754 2045 784 *

779 806 912 855 Solle
933 804 1081 851 wieder
1102 806 1198 859 die/
1211 803 1251 855 ſo
1266 805 1619 863 eigenmaͤchtiger
1641 799 1759 868 weiſe
1762 806 1944 861 Guͤther
1953 801 2000 861 in
2006 811 2104 861 Be⸗

723 865 783 920 ſitz
800 865 977 920 nehmen
994 865 1059 911 die
1078 862 1252 920 noͤthige
1272 854 1409 921 Klage
1420 863 1678 924 anſtrengen.
1752 867 1897 914 Reſcr.
1928 868 1981 911 de
1997 882 2102 915 ann.

727 945 841 986 1721.
866 932 937 978 die
959 948 1017 986 30.
1036 933 1179 992 Junii.
1217 941 1244 970 *

780 985 833 1022 In
846 980 1126 1023 contraband
1137 977 1339 1034 Sachen/
1350 986 1482 1029 wann
1493 984 1538 1027 es
1554 982 1622 1035 auf
1642 984 1704 1030 ein
1715 980 1981 1040 Rechtliches
1995 994 2104 1028 con-

721 1041 1037 1102 tradictorium
1060 1041 1321 1094 ankommet/
1348 1042 1427 1097 hat
1445 1043 1518 1093 der
1535 1042 1680 1087 Fiſcus
1698 1046 1782 1092 das
1801 1039 1975 1101 Koͤnigl.
2002 1055 2104 1087 æra-

721 1102 839 1137 rium
862 1102 910 1148 zu
926 1097 1168 1144 vertretten.
1229 1096 1444 1154 Reſcript.
1471 1098 1526 1141 de
1543 1108 1667 1142 anno
1688 1109 1794 1147 1730.
1832 1100 1903 1145 die
1925 1113 1989 1151 17.
2005 1101 2104 1147 No-

723 1165 932 1211 vembris.
966 1164 1082 1212 Verſ.
1104 1169 1206 1221 5.*

1189 1237 1449 1311 Fleiſcher

799 1301 1095 1355 Denenſelben
1130 1303 1168 1357 ſo
1196 1306 1278 1353 das
1309 1293 1425 1362 Vieh
1450 1309 1534 1352 aus
1565 1303 1741 1363 Pohlen
1767 1303 1855 1354 und
1888 1304 2107 1364 Hungarn

718 1368 867 1412 nacher
900 1360 1030 1415 Prag
1052 1362 1245 1409 treiben/
1264 1366 1358 1419 ſolle
1384 1366 1456 1413 der
1474 1365 1614 1416 Trieb
1639 1365 1757 1411 ſälvô
1774 1367 1874 1420 jure
1897 1370 2042 1412 ærarii
2061 1371 2106 1413 &

719 1422 1006 1471 privatorum
1023 1420 1066 1462 in
1076 1416 1299 1472 Schleſien
1318 1420 1432 1472 nicht
1444 1420 1594 1471 ſchwer
1606 1420 1796 1475 gemacht
1809 1418 1992 1473 werden.
2022 1420 2105 1469 Re⸗

722 1479 799 1524 ſcr.
815 1478 867 1520 de
878 1488 1002 1520 anno
1016 1486 1127 1527 1723.
1150 1479 1221 1521 die
1239 1493 1309 1535 23.
1328 1481 1499 1524 Martii.

1238 1560 1563 1638 Fluͤchtiger

776 1643 907 1692 Solle
920 1641 1048 1697 durch
1061 1640 1190 1700 offene
1206 1641 1376 1699 Brieffe
1396 1642 1496 1693 oder
1515 1655 1592 1702 per
1608 1641 1754 1691 valvas
1776 1643 1926 1696 citiret
1937 1643 2105 1702 werden

721 1714 905 1772 Joſeph.
921 1715 1071 1770 Peinl.
1088 1717 1210 1768 Ord.
1223 1726 1305 1760 art.
1319 1731 1361 1768 7.
1374 1717 1425 1760 in
1440 1717 1588 1770 princ.

777 1762 980 1809 Derſelbe
1001 1764 1080 1801 kan
1103 1768 1191 1802 von
1214 1760 1345 1801 einem
1365 1759 1484 1810 jeden
1501 1755 1685 1811 privato
1699 1758 1915 1810 arreſtiret
1924 1757 2106 1808 werden.

716 1818 830 1866 Ibid.
850 1821 976 1865 artic.
988 1833 1026 1874 4.
1041 1823 1077 1872 §.
1100 1833 1140 1877 3.
1163 1819 1253 1865 vid.
1272 1820 1404 1880 ſuprà
1422 1825 1509 1869 Lit.
1526 1826 1579 1874 C.
1601 1824 1763 1871 verbô:
1789 1825 1986 1883 Corpus.

1032 1899 1336 1966 Formulæ
1357 1908 1476 1966 und
1503 1902 1747 1966 Notuln

769 1984 944 2038 Welche
960 1986 1006 2032 in
1022 1984 1093 2032 der
1116 1979 1346 2043 Koͤniglich
1364 1984 1638 2037 verneuͤerten
1651 1978 2103 2041 Landes⸗Ordnung/

712 2041 802 2084 und
812 2040 964 2086 Stadt
980 2038 1171 2092 Rechten
1187 2038 1406 2092 enthalten
1425 2037 1588 2099 ſeynd/
1600 2039 1772 2089 werden
1782 2039 1871 2094 hier
1886 2038 2101 2087 remiſſivè

715 2110 985 2170 angezeuͤget.

770 2163 909 2204 Jhrer
932 2152 1212 2207 Koͤniglichen
1222 2148 1438 2209 Majeſtaͤt
1449 2150 1550 2208 Ayd
1563 2154 1768 2199 videatur
1776 2152 1822 2199 in
1833 2148 1966 2204 Land.
1977 2154 2102 2208 Ord.

713 2208 770 2250 A.
789 2221 823 2255 3.
884 2215 980 2260 Der
995 2214 1214 2260 Staͤnden
1227 2210 1593 2268 Erbhuldigungs
1608 2211 1723 2264 Ayd.
1746 2208 1876 2263 Land.
1899 2214 2019 2269 Ord.
2043 2215 2101 2257 A.

714 2277 751 2306 2.
773 2266 819 2307 &
828 2269 946 2311 infrà
956 2276 1095 2314 verbô
1106 2274 1272 2325 Juram.
1297 2269 1545 2314 fidelitatis.
1604 2270 1710 2320 Des
1718 2267 1924 2330 Obriſten
1944 2266 2101 2341 Burg⸗

712 2320 880 2381 graffen
898 2327 1012 2379 Ayd.
1064 2330 1184 2378 Land.
1223 2328 1314 2379 Ord.
1339 2326 1379 2367 A.
1405 2340 1493 2380 42.
1532 2324 1722 2380 Anderer
1736 2321 2104 2388 Obriſten⸗Land⸗

713 2386 920 2444 Officirer
933 2390 1023 2443 und
1049 2391 1225 2453 Koͤnigl.
1243 2390 1494 2446 Beambten
1510 2389 1631 2451 Ayd.
1667 2389 1802 2453 Land.
1815 2394 1939 2452 Ord.
1971 2387 2017 2439 A.
2011 2393 2098 2437 43.

1997 2450 2121 2494 Koͤ⸗
