2444 2872
848 481 930 524 136

1336 461 1431 508 LIB.
1431 461 1514 508 III.
1514 461 1628 508 TIT.
1628 461 1667 508 I.

615 738 649 759 ex
662 728 811 762 libertate,

623 1276 670 1300 eta
677 1265 837 1297 Tertullia-

624 1322 662 1341 no
679 1321 827 1340 commen-

624 1350 696 1379 datæ
706 1347 779 1377 ſunt.

633 1968 702 1997 Item
715 1978 730 1997 a
744 1966 802 2007 Cy-

634 2006 749 2046 priano.

852 575 868 598 a
886 562 1006 610 patriis
1020 561 1142 597 ritibus
1160 559 1281 597 abduci
1299 558 1448 609 poſſent,
1480 568 1585 606 prout
1600 557 1674 595 aƈta
1688 558 1815 607 Apoſtol.
1835 557 1983 594 docent:
2020 557 2098 597 inde
2115 566 2166 597 tot

853 618 939 644 ritus
957 619 995 641 ex
1011 607 1182 652 ſynagoga
1198 605 1234 640 in
1249 604 1416 642 eccleſiam
1433 605 1577 641 deriuati
1596 602 1689 647 ſunt,
1713 606 1798 641 adeo
1813 615 1850 638 vt
1867 605 1968 638 etiam
1982 607 2066 639 ritus
2079 607 2168 638 circa

852 669 962 705 preces
978 656 1119 695 ſollicite
1139 657 1263 692 retenti
1279 653 1432 699 fuerint,
1466 652 1662 691 obſeruante
1679 666 1910 690 VITRINGA
1923 657 1977 687 cit.
1995 654 2015 689 l.
2034 665 2058 686 c.
2073 663 2128 695 19.
2133 661 2168 695 p.

863 719 969 751 1105.
1021 710 1145 757 Neque
1159 718 1269 742 tamen
1277 707 1394 756 vbique
1403 708 1472 742 hæc
1482 707 1544 742 tria
1554 717 1706 754 tempora
1723 704 2008 747 obſeruabantur,
2034 718 2095 740 nec
2107 704 2165 741 ſub

861 763 927 806 lege
936 760 1123 802 neceſſitatis
1139 754 1341 797 obſeruanda
1356 754 1634 801 iniungebantur,
1659 755 1732 800 ſed,
1758 768 1830 803 quæ
1847 755 1932 792 olim
1947 755 2015 793 fuit
2025 758 2108 791 ratio
2126 759 2170 791 ri-

862 805 962 844 tuum
977 803 1288 848 eccleſiaſticorum,
1314 806 1356 841 ad
1373 798 1548 856 ἀδιάφοϱα
1561 804 1810 845 referebantur.
1861 803 1995 840 Diſerte
2012 805 2105 840 enim
2123 805 2171 838 ait

860 860 1061 900 CLEMENS
1072 858 1319 900 Alexandrinus
1342 855 1403 900 lib.
1406 852 1487 897 VII.
1504 860 1661 907 ſtromat.
1714 849 1848 909 Quodſi
1864 860 2085 901 NONVLLI
2097 860 2178 901 cer-

865 920 916 945 tas
926 919 957 944 et
964 909 1114 956 definitas
1121 909 1214 944 horas
1224 908 1418 954 conſtituunt
1418 911 1619 952 precationi,
1623 910 1651 954 vt
1657 907 1748 940 verbi
1751 909 1866 953 gratia
1876 909 2019 948 tertiam,
2025 904 2166 950 ſextam,

866 968 999 998 nonam,
1018 964 1052 999 at
1052 959 1106 999 is,
1124 960 1182 1004 qui
1191 956 1231 1001 eſt
1241 959 1417 1005 cognitione
1421 958 1592 1001 præditus,
1608 967 1665 999 per
1677 963 1776 989 totam
1787 966 1860 990 orat
1869 960 1984 990 vitam.
2026 955 2167 991 Nonnul-

866 1011 911 1045 los
926 1018 1056 1044 tantum
1073 1007 1162 1043 hunc
1180 1018 1312 1042 morem
1328 1003 1474 1048 ſeruare,
1501 1007 1564 1050 ait,
1592 1004 1761 1053 ſimulque
1780 1006 1924 1046 euincit,
1944 1007 2067 1050 praxin
2083 1005 2169 1039 hanc

866 1061 964 1099 fuiſſe
973 1061 1230 1107 particularem,
1256 1071 1324 1094 non
1340 1060 1561 1104 vniuerſalem.
1614 1062 1769 1095 Fuerunt
1778 1068 1889 1092 tamen
1904 1059 1971 1092 iam
1988 1056 2096 1093 ſeculo
2108 1061 2167 1101 III,

867 1112 925 1158 qui
940 1110 1028 1145 ſtatis
1046 1111 1235 1144 iudæorum
1250 1108 1459 1156 temporibus
1471 1108 1655 1144 admodum
1671 1105 1835 1150 fauerent,
1852 1117 1954 1153 eaque
1966 1116 2169 1152 magnopere

864 1173 934 1197 non
948 1160 1076 1196 clericis
1095 1171 1242 1203 tantum,
1264 1155 1319 1196 ſed
1337 1161 1372 1195 in
1381 1159 1508 1204 genere
1526 1158 1684 1200 omnibus
1707 1157 1860 1200 fidelibus
1876 1156 2168 1200 commendarent;

866 1212 958 1257 quod
969 1209 1081 1245 rurſus
1091 1210 1258 1245 indicium
1266 1209 1413 1259 præbet,
1430 1221 1466 1243 ea
1477 1220 1546 1243 non
1557 1208 1595 1243 ab
1606 1208 1767 1245 omnibus
1778 1220 1869 1255 æque
1880 1205 2053 1246 obſeruata
2062 1206 2170 1244 fuiſſe.

867 1266 925 1299 Ait
972 1270 1274 1295 TERTVLLIANVS
1292 1263 1330 1293 in
1341 1258 1449 1304 pſych.
1449 1261 1482 1303 c.
1497 1269 1552 1294 10.
1605 1261 1706 1297 Porro
1723 1271 1794 1293 cum
1811 1262 1846 1292 in
1864 1259 1970 1292 eodem
1980 1267 2168 1293 commenta-

864 1316 915 1346 rio
928 1311 1018 1353 Lucæ
1029 1320 1060 1343 et
1068 1315 1169 1343 tertia
1177 1310 1256 1343 hora
1274 1314 1430 1343 orationis
1437 1308 1688 1353 demonſtretur,
1706 1306 1769 1350 ſub
1783 1319 1848 1355 qua
1859 1309 1984 1353 Spiritu
1992 1310 2022 1344 S.
2036 1311 2170 1342 initiati

858 1368 921 1401 pro
930 1355 1028 1389 ebriis
1038 1354 1256 1394 habebantur;
1285 1353 1374 1399 (Aƈt.
1386 1357 1430 1395 II,
1446 1356 1505 1397 15.)
1524 1363 1554 1387 et
1564 1352 1679 1397 ſexta,
1705 1364 1771 1397 qua
1783 1357 1900 1386 Petrus
1916 1353 2058 1396 aſcendit
2071 1356 2107 1385 in
2113 1353 2171 1396 ſu-

857 1410 1011 1455 periora;
1026 1406 1118 1454 (Aƈt.
1129 1409 1185 1449 IX,
1196 1408 1241 1451 9.)
1251 1416 1284 1440 et
1292 1416 1388 1445 nona,
1413 1416 1478 1452 qua
1488 1406 1640 1451 templum
1638 1410 1721 1451 ſunt
1730 1407 1926 1452 introgreſſi:
1951 1399 2036 1458 (Aƈt.
2049 1407 2104 1449 III,
2121 1405 2168 1453 1.)

869 1465 927 1487 cur
937 1453 1240 1499 nonintelligamus,
1248 1448 1346 1497 ſalua
1349 1449 1450 1497 plane
1463 1448 1704 1496 indifferentia,
1722 1441 1841 1498 ſemper
1862 1443 1893 1501 et
1911 1449 2032 1498 vbique,
2042 1459 2078 1481 et
2088 1459 2173 1484 omni

866 1517 1005 1549 tempore
1015 1496 1183 1544 orandum,
1195 1510 1302 1537 tamen
1310 1510 1378 1536 tres
1386 1501 1460 1551 iſtas
1470 1499 1574 1545 horas,
1582 1508 1695 1547 vtpote
1703 1500 1886 1548 inſigniores
1900 1503 1938 1535 in
1959 1500 2054 1536 rebus
2063 1500 2173 1535 huma-

867 1563 928 1601 nis,
952 1569 1018 1609 quæ
1026 1559 1113 1595 diem
1128 1557 1335 1606 diſtribuunt,
1352 1567 1420 1607 que
1429 1560 1554 1606 negotia
1562 1555 1781 1605 diſlinguunt,
1797 1567 1865 1604 quæ
1872 1556 2001 1602 publice
2014 1555 2172 1601 reſonant,

867 1616 916 1646 ita
931 1620 963 1645 et
974 1609 1174 1654 ſolenniores
1190 1607 1283 1657 fuiſſe
1301 1612 1337 1643 in
1360 1607 1454 1646 rebus
1472 1609 1629 1650 diuinis,
1662 1607 1748 1658 quod
1774 1611 1873 1642 etiam
1887 1607 2008 1653 ſuadet
2027 1608 2176 1645 Danielis

868 1667 1123 1708 argumentum,
1137 1668 1191 1694 ter
1200 1659 1252 1695 die
1260 1662 1394 1693 orantis.
1442 1661 1531 1695 Non
1540 1670 1626 1706 opus
1635 1655 1798 1696 habuiſſet
1817 1666 2170 1700 TERTVLLIANVS,

869 1722 938 1746 tam
949 1708 1089 1746 ſollicite
1108 1709 1186 1746 ſtata
1202 1710 1272 1745 hæc
1282 1719 1438 1746 tempora
1448 1707 1603 1746 fidelibus
1618 1708 1876 1750 commendare,
1899 1707 1926 1747 ſi
1942 1707 2173 1757 vniuerſaliter

869 1762 937 1787 iam
947 1767 1081 1800 recepta
1089 1755 1244 1794 fuiſſent;
1267 1746 1369 1800 quod
1367 1764 1448 1787 vero
1459 1752 1573 1787 eadem
1585 1752 1886 1794 commendauerit,
1904 1753 2009 1793 genio
2028 1756 2099 1786 eius
2117 1751 2171 1785 ad-

869 1807 1110 1847 ſeribendum,
1140 1815 1257 1850 vtpote
1274 1804 1334 1850 qui
1345 1805 1480 1850 primus
1496 1805 1585 1838 inter
1602 1815 1732 1846 omnes,
1757 1803 1909 1841 libertati
1925 1803 2109 1841 chriſtianæ
2122 1806 2176 1839 iu-

874 1865 957 1900 gum
968 1857 1161 1902 imponere,
1182 1855 1300 1901 quauis
1312 1853 1486 1892 occaſione
1497 1855 1656 1895 tentauit,
1682 1853 1718 1891 id
1732 1853 1825 1903 quod
1842 1864 1920 1887 cum
1930 1848 2076 1902 epiſcopi
2088 1864 2175 1897 ægre

870 1907 1017 1945 ferrent,
1034 1913 1070 1936 vt
1080 1903 1132 1938 vel
1141 1900 1362 1939 controuerſia
1379 1902 1420 1937 de
1429 1904 1624 1938 iciuniorum
1633 1900 1721 1941 ſtatis
1732 1898 1944 1948 temporibus
1955 1898 2069 1941 docet,
2085 1911 2176 1934 com-

876 1954 1040 1991 munione
1058 1964 1178 1989 eorum
1193 1952 1360 1990 abſtinuit.
1426 1963 1658 1987 CYPRIANVS
1673 1951 1712 1985 de
1728 1960 1810 1986 orat.
1830 1950 1947 1986 eadem
1957 1959 2111 1999 tempora
2126 1954 2176 1986 in-

876 2006 1000 2048 culcat,
1025 2004 1116 2051 quod
1126 2016 1195 2042 non
1205 2004 1286 2040 adeo
1300 2003 1496 2043 mirandum
1517 2003 1580 2048 eſt,
1605 2015 1681 2041 cum
1709 2014 1716 2037 a
1725 2012 2065 2042 TERTVLLIANO,
2089 2014 2173 2049 præ-

873 2066 1010 2105 ceptore
1018 2054 1088 2098 ſuo,
1105 2056 1262 2095 recedere
1273 2067 1342 2093 non
1355 2051 1468 2097 ſoleat,
1487 2056 1584 2091 cuius
1593 2051 1788 2093 ſententiam
1800 2055 1901 2089 etiam
1911 2054 1994 2090 adeo
2006 2052 2174 2098 defendit,

871 2122 911 2148 vt
922 2110 1041 2146 eadem
1050 2118 1246 2153 argumenta
1253 2118 1388 2153 quoque
1402 2110 1591 2155 repetierit.
1641 2108 1726 2145 Inde
1743 2107 1858 2157 paſſim
1874 2105 2091 2142 inualuerunt
2104 2107 2178 2145 hæc

875 2159 939 2191 tria
948 2166 1103 2203 tempora
1115 2154 1211 2196 ſtata,
1236 2154 1359 2202 quibus
1371 2155 1547 2190 chriſtiani
1562 2153 1618 2189 vel
1632 2165 1830 2190 communes
1845 2152 2033 2188 fundebant
2051 2162 2179 2199 preces,

875 2207 929 2240 vel
937 2206 1032 2241 domi
1043 2205 1145 2240 etiam
1161 2203 1301 2252 priuatæ
1316 2203 1475 2239 vacabant
1493 2202 1685 2248 deuotioni,
1710 2203 1733 2238 ſi
1750 2203 1869 2239 feruor
1880 2199 2123 2250 perſecutionis
2138 2204 2180 2239 iis

878 2256 1031 2293 obſtabat.
1087 2255 1206 2292 Seculo
1215 2257 1274 2295 IV.
1296 2253 1444 2292 maxime
1463 2265 1480 2287 a
1496 2253 1668 2289 monachis
1689 2255 1730 2293 iis
1748 2251 1967 2290 ſuperadditæ
1987 2248 2064 2288 ſunt
2083 2252 2177 2288 horæ

880 2303 952 2338 duæ
962 2305 1129 2352 noƈturnæ,
1139 2314 1166 2355 vt
1174 2300 1342 2340 ſolidioris
1352 2302 1485 2350 pietatis
1494 2300 1603 2339 ſtudio
1612 2300 1760 2349 reliquos
1769 2293 1975 2350 ſuperarent,
1984 2300 2181 2337 obſeruante

880 2365 1050 2393 SAMVEL.
1065 2365 1262 2391 BASNAGE
1278 2362 1350 2395 tom.
1365 2353 1389 2390 I.
1398 2352 1507 2391 annal.
1515 2355 1559 2388 ad
1567 2364 1640 2388 ann.
1653 2348 1745 2400 51.§.
1767 2362 1814 2398 23.
1815 2348 1906 2398 ſeqq.

2012 2454 2188 2509 §.XCVI.
