2444 2872
892 501 952 543 852

1366 517 1442 543 LIB.
1466 518 1518 544 III.
1543 518 1639 545 TIT.
1662 517 1731 545 XX.

665 1770 706 1815 Et
717 1778 810 1811 feudo
825 1787 879 1812 no-

666 1822 706 1853 vo
718 1826 847 1853 qualita-

664 1868 728 1892 tem
752 1863 836 1894 feudi

665 1905 778 1943 antiqui
792 1906 865 1937 adii-

666 1945 783 1977 ciendo.

892 591 937 624 66.
959 599 1221 625 ROSENTHAL
1247 598 1313 632 cap.
1331 599 1365 630 4.
1382 588 1477 623 concl.
1489 600 1539 632 37.
1556 599 1587 623 n.
1602 600 1630 623 2.
1645 590 1729 624 adeo
1740 601 1787 631 vt,
1804 592 1824 626 ſi
1840 592 1956 627 durior
1965 592 2114 627 conditio
2124 593 2212 627 adie-

892 641 937 673 cta
956 639 1056 674 fuerit
1072 638 1248 682 poſteriori
1265 639 1481 678 inueſtituræ,
1504 638 1553 672 illa
1568 636 1633 683 ipſa
1650 648 1715 682 pro
1730 649 1796 671 non
1814 645 1934 675 adiecta
1948 643 2061 674 haberi
2077 643 2212 681 debeat,

893 691 946 724 ſed
965 689 1153 723 inueſtitura
1168 698 1293 722 tantum
1309 688 1469 729 ſubſiſtat,
1495 697 1654 732 quatenus
1678 688 1855 723 ſecundum
1867 696 2011 732 primam
2033 696 2212 732 compoſita

892 737 956 775 eſt,
983 747 1046 781 qua
1063 736 1095 769 in
1115 746 1151 769 re
1166 746 1302 771 vtuntur
1322 746 1391 770 tum
1407 746 1599 781 argumento
1611 740 1649 772 ab
1664 741 1856 784 emphyteuſi
1861 744 2021 780 deducto,
2037 755 2106 772 tum
2115 747 2212 773 etiam

892 787 1061 822 communi
1080 787 1157 821 iuris
1174 788 1317 828 ratione,
1337 788 1431 833 quod
1448 789 1594 833 prælatus
1609 791 1641 822 in
1659 793 1884 834 præiudicium
1903 797 2042 824 eccleſiæ
2059 795 2137 823 nihil
2153 805 2214 824 no-

894 840 928 873 vi
945 837 1141 874 conſtituere
1159 841 1273 875 valeat.
1302 843 1427 875 Verum
1444 850 1518 874 cum
1535 843 1681 885 prælatus
1696 846 1728 873 in
1747 847 1839 876 rebus
1852 847 2009 876 infeudari
2027 847 2125 876 ſolitis
2142 848 2214 887 plus

895 887 1013 936 poſſit,
1040 901 1138 934 quam
1153 892 1245 934 quod
1260 886 1294 925 ei
1311 892 1462 926 hactenus
1478 902 1630 935 negatum
1652 896 1715 930 eſt,
1744 907 1810 925 non
1825 908 1959 936 apparet
1983 900 2086 931 ratio,
2113 909 2215 936 quare

898 940 968 988 ipſi,
978 943 1070 987 quod
1086 942 1183 977 minus
1196 938 1253 992 eſt,
1272 944 1499 987 denegandum
1524 946 1561 977 ſit
1621 946 1694 978 Plus
1713 955 1824 979 autem
1848 951 1929 984 eſſe,
1956 952 2094 979 feudum
2110 952 2215 978 eccle-

899 993 948 1026 ſiæ
964 1002 1114 1038 apertum
1123 1003 1158 1026 et
1173 992 1213 1026 ad
1231 993 1465 1038 patrimonium
1479 995 1548 1027 eius
1564 995 1741 1034 reuerſum,
1756 999 1798 1027 de
1823 1008 1914 1028 nouo
1930 1002 2019 1028 alteri
2028 1003 2060 1028 in
2076 1002 2215 1029 feudum

898 1042 1099 1084 concedere,
1125 1054 1222 1078 nemo
1240 1045 1272 1078 in
1291 1044 1428 1079 dubium
1445 1044 1597 1085 vocabit,
1632 1056 1666 1078 et
1689 1056 1763 1078 cum
1785 1049 1842 1090 ipſi
1859 1052 2040 1091 generatim
2063 1060 2097 1080 et
2116 1050 2214 1080 libere

898 1095 1030 1131 facultas
1051 1095 1277 1141 reinfeudandi
1299 1096 1465 1137 conceſſa,
1498 1107 1559 1130 nec
1583 1099 1650 1131 vllo
1678 1100 1781 1131 modo
1800 1103 1938 1133 reſtricta
1964 1103 2020 1139 ſit,
2054 1102 2173 1131 merito
2196 1111 2213 1130 a

898 1144 1067 1179 communi
1082 1143 1237 1179 ſententia
1253 1146 1476 1181 recedendum
1493 1148 1547 1180 eſt.
1597 1149 1670 1181 Imo
1693 1152 1750 1192 ipſi
1767 1153 1985 1182 diſſentientes
2008 1165 2075 1179 non
2098 1155 2182 1182 adeo
2197 1164 2214 1179 a

897 1199 1005 1234 noſtra
1020 1201 1176 1235 recedere
1192 1201 1347 1235 videntur
1362 1199 1534 1239 ſententia,
1564 1203 1697 1244 quando
1714 1204 1749 1235 id
1764 1204 1836 1236 fieri
1855 1207 1946 1248 poſſe
1962 1208 2169 1241 concedunt,
2190 1205 2212 1233 ſi

894 1247 974 1292 iuſta
990 1259 1024 1282 et
1037 1248 1236 1283 rationabilis
1252 1249 1344 1291 cauſa
1360 1250 1394 1283 id
1414 1253 1599 1294 permittat,
1627 1263 1746 1294 vtpote
1769 1256 1792 1283 ſi
1816 1258 1861 1285 ob
1885 1258 2087 1286 benemerita
2106 1255 2212 1286 vaſalli

895 1299 976 1332 noui
991 1301 1080 1342 pacta
1095 1310 1180 1332 noua
1195 1301 1393 1334 inueſtituræ
1411 1302 1532 1334 adiecta
1548 1304 1618 1333 ſint.
1641 1314 1887 1346 SCHRADER.
1921 1310 1960 1334 de
1982 1309 2076 1347 feud.
2098 1306 2135 1339 P.
2148 1303 2212 1338 IV.

897 1353 967 1388 cap.
986 1356 1013 1379 2.
1030 1356 1059 1378 n.
1075 1356 1116 1379 22.
1143 1348 1176 1379 B.
1190 1357 1401 1380 STRYKIVS
1414 1350 1478 1391 diſſ.
1498 1350 1538 1380 de
1556 1352 1630 1380 bene
1653 1358 1776 1380 meritis
1798 1367 1863 1391 cap.
1885 1369 1918 1386 4.
1938 1369 1971 1377 n.
1990 1370 2043 1385 44.
2095 1366 2213 1380 TIRA-

901 1402 1105 1432 QVELLVS
1131 1396 1174 1427 ad
1201 1398 1220 1428 I.
1243 1396 1271 1437 ſi
1295 1405 1438 1438 vnquam
1463 1399 1498 1431 C.
1533 1402 1573 1428 de
1605 1405 1776 1428 reuocand.
1808 1408 1918 1429 donat.
1950 1414 1983 1428 n.
2016 1412 2064 1431 28.
2114 1416 2214 1428 HAR-

900 1452 1080 1477 PRECHT.
1106 1447 1159 1476 cit.
1176 1444 1197 1478 l.
1212 1455 1243 1477 n.
1257 1446 1306 1481 86.
1356 1446 1479 1487 Neque
1495 1448 1581 1477 enim
1597 1447 1692 1478 facile
1715 1453 1904 1487 continget,
1934 1460 1972 1477 vt
1989 1455 2127 1479 feudum
2150 1456 2212 1478 tale

900 1500 1048 1535 apertum
1068 1490 1133 1526 ſine
1156 1492 1414 1537 præcedentibus
1429 1494 1552 1527 meritis
1570 1496 1620 1527 vel
1635 1497 1692 1527 alia
1709 1499 1798 1527 cauſa
1813 1502 1994 1528 rationabili
2018 1504 2111 1528 alicui
2135 1514 2212 1527 con-

899 1541 1051 1584 cedatur,
1066 1543 1168 1584 adeo,
1193 1553 1231 1578 vt
1253 1553 1422 1578 NICOLAVS
1445 1554 1591 1578 MOZZIVS
1605 1549 1638 1578 in
1648 1555 1695 1579 tr.
1712 1550 1749 1578 de
1755 1550 1868 1591 feudis
1883 1555 1934 1581 tit.
1954 1555 1993 1579 de
2008 1555 2133 1593 his,
2082 1559 2128 1594 qui
2133 1557 2208 1592 feu-

898 1596 977 1631 dum
994 1597 1071 1630 dare
1087 1593 1208 1643 poſſunt
1218 1608 1250 1642 p.
1267 1599 1296 1630 61
1322 1608 1349 1633 n.
1374 1609 1404 1640 9.
1430 1596 1577 1633 ſufficere
1602 1601 1784 1639 exiſtimet,
1815 1605 2028 1640 benemerita,
2052 1609 2212 1643 ſeruitia,

897 1659 932 1684 et
946 1652 1083 1692 amorem
1098 1650 1182 1692 eius,
1208 1652 1299 1686 cuius
1315 1651 1378 1686 filia
1402 1651 1591 1691 inueſtitur,
1616 1666 1650 1685 et
1666 1658 1756 1685 cuius
1776 1669 1867 1687 amor
1887 1668 1918 1686 et
1935 1669 2087 1688 memoria
2101 1664 2136 1687 in
2137 1661 2212 1696 filia

896 1709 1025 1747 quoque
1040 1704 1212 1736 vtilitatem
1232 1705 1345 1737 merito
1353 1701 1527 1742 exuberat,
1552 1712 1590 1736 vt
1605 1708 1704 1737 verba
1721 1720 1846 1754 MOZZII
1846 1711 1970 1755 faciam
1994 1724 2084 1743 mea,
2117 1714 2209 1748 quod

893 1744 1021 1789 plenius
1035 1752 1166 1787 illuſtrat
1181 1767 1457 1795 HARPRECHT.
1484 1758 1536 1787 cit.
1565 1757 1587 1785 l.
1607 1764 1640 1788 n.
1664 1761 1725 1793 146.
1749 1769 1780 1783 et
1800 1770 1831 1786 n.
1848 1770 1909 1793 179.
1957 1764 2079 1790 Eadem
2100 1775 2145 1787 ex
2161 1775 2208 1787 ra-

895 1802 987 1839 tione
1002 1806 1096 1851 (IV.)
1112 1806 1275 1849 ſequitur,
1303 1815 1339 1839 vt
1353 1806 1461 1845 etiam,
1475 1806 1546 1839 iure
1559 1810 1677 1839 veteris
1692 1807 1808 1850 feudi,
1837 1813 1974 1841 feudum
1989 1822 2138 1850 apertum
2153 1818 2207 1840 ali-

894 1855 949 1887 cui
970 1854 1154 1888 concedere
1172 1853 1276 1900 poſſit.
1328 1855 1419 1901 Quid
1435 1856 1522 1890 enim
1539 1854 1660 1897 refert,
1678 1867 1789 1890 vtrum
1801 1862 1912 1892 vaſallo
1929 1864 2074 1904 pluribus
2082 1864 2165 1898 filiis,
2174 1874 2208 1891 et

895 1907 937 1941 ſic
954 1905 1010 1951 ſpe
1027 1906 1131 1951 longæ
1145 1906 1341 1952 poſteritatis
1356 1907 1520 1949 inſtructo,
1534 1907 1669 1942 feudum
1685 1913 1892 1949 conceſlerit,
1917 1926 1955 1942 an
1971 1927 2053 1943 vero
2072 1916 2133 1948 illi,
2149 1918 2208 1954 qui

894 1967 961 1989 non
977 1955 1033 1989 niſi
1048 1957 1178 1991 vnicum
1194 1956 1315 1996 filium,
1338 1956 1490 2001 duosque
1503 1959 1619 1991 fratres
1635 1962 1749 1996 habet,
1773 1967 1813 1991 ad
1836 1976 1920 2003 quos
1946 1968 2011 1992 hoc
2031 1969 2134 1991 modo
2160 1975 2209 1991 in-

894 2009 1048 2044 veſtitura
1072 2007 1224 2048 extenſa;
1253 2019 1326 2042 cum
1348 2020 1439 2054 æque
1455 2009 1549 2044 facile
1575 2012 1607 2044 in
1631 2013 1716 2048 hoc,
1740 2025 1836 2053 quam
1864 2020 1895 2044 in
1921 2020 1975 2045 illo
2000 2020 2071 2045 caſu
2091 2021 2130 2046 ad
2157 2030 2208 2045 ec-

893 2059 1019 2094 cleſiam
1034 2062 1156 2095 reuerti
1180 2059 1302 2105 poſſit?
1347 2061 1431 2098 Illud
1454 2059 1525 2095 ſane
1548 2063 1730 2094 mirandum
1754 2068 1818 2102 eſt,
1846 2079 2212 2115 ROSENTHALIVM

894 2119 962 2154 cap.
977 2122 1004 2144 2.
1021 2110 1113 2144 concl.
1136 2122 1181 2153 14.
1205 2112 1289 2145 adeo
1304 2113 1370 2146 hoc
1388 2114 1421 2146 in
1436 2112 1572 2146 dubium
1586 2117 1732 2152 vocaſſe,
1747 2126 1785 2146 vt
1798 2121 1975 2159 nequidem
1997 2123 2139 2158 conſenſu
2155 2135 2209 2147 ca-

890 2160 990 2204 pituli
1002 2164 1035 2197 id
1052 2162 1136 2198 effici
1152 2163 1241 2209 poſſe
1257 2163 1453 2202 crediderit,
1483 2172 1527 2195 ex
1543 2173 1578 2195 ea
1593 2167 1739 2201 ratione,
1767 2177 1860 2207 quod
1877 2172 2023 2207 prælatus
2038 2182 2111 2196 cum
2121 2176 2208 2208 capi-

893 2210 963 2243 tulo
978 2211 1068 2246 feudi
1084 2220 1229 2244 naturam
1247 2219 1373 2244 mutare
1392 2219 1551 2253 nequeat,
1577 2217 1633 2245 niſi
1654 2220 1757 2245 adſint
1779 2222 1980 2268 ſolennitates
2015 2226 2045 2258 ad
2067 2227 2203 2265 alienan-

895 2258 972 2291 dum
989 2259 1164 2304 requiſitæ,
1182 2260 1276 2304 quod
1291 2269 1396 2293 tamen
1414 2263 1499 2304 petit
1507 2265 1553 2309 id,
1561 2269 1652 2305 quod
1669 2270 1713 2294 eſt
1725 2272 1758 2294 in
1775 2275 1946 2306 principio.
1998 2276 2151 2296 Aſſerunt
2169 2284 2205 2291 o-

893 2318 994 2349 mnes,
1011 2313 1042 2343 in
1059 2313 1111 2344 tali
1127 2311 1390 2345 reinfeudatione
1404 2323 1470 2343 non
1489 2323 1552 2343 tam
1564 2325 1681 2344 nouam
1699 2329 1733 2344 et
1758 2330 1868 2346 veram
1885 2326 1948 2346 eſſe
1964 2329 2203 2347 alienationem,

894 2367 990 2401 quam
1007 2363 1116 2404 primæ
1132 2363 1193 2396 iam
1207 2361 1384 2396 ſolenniter
1398 2363 1484 2396 factæ
1508 2370 1785 2396 continuationem.
1812 2388 2090 2427 HARPRECHT.
2116 2373 2170 2395 cit.
2185 2372 2205 2395 l.

891 2417 923 2440 n.
936 2419 983 2450 55.
1035 2410 1104 2443 Imo
1121 2413 1153 2444 in
1168 2424 1190 2444 c.
1201 2424 1226 2445 2.
1242 2412 1277 2445 X.
1296 2412 1324 2444 h.
1340 2422 1361 2444 t.
1376 2416 1527 2457 expreſſe
1543 2417 1698 2449 aſſeritur,
1712 2432 1782 2444 rem
1801 2429 1896 2446 talem
1911 2429 1951 2446 ad
1969 2424 2131 2447 eccleſiam
2149 2429 2202 2445 re-

890 2455 1013 2492 verſam
1029 2455 1124 2491 libere
1138 2470 1155 2491 a
1175 2463 1307 2503 prælato
1323 2466 1431 2493 rurſus
1451 2468 1484 2493 in
1499 2468 1637 2493 feudum
1657 2474 1727 2493 dari
1741 2478 1850 2505 poſſe,
1875 2477 1991 2505 quidni
2005 2481 2086 2502 ergo
2104 2472 2202 2493 etiam

2160 2532 2203 2569 ita
