2674 3131
1005 652 1099 696 Alle
1110 650 1355 708 Einkünffte
1371 650 1484 694 eines
1493 650 1763 701 Lehn-Guts,
1785 649 1937 693 welche
1960 664 2040 694 vor
2058 649 2289 707 Abſterben

884 715 955 759 des
979 716 1262 760 Lehn-manns
1280 714 1428 770 betagt
1437 712 1646 772 geweſen,
1660 716 1739 757 wie
1752 715 1957 758 vielmehr
1972 717 2090 772 alles,
2110 727 2199 769 was
2220 713 2288 756 oh-

884 811 935 841 ne
953 796 1356 848 Praenumeration,
1374 795 1472 854 aufs
1480 796 1613 854 ferne
1621 796 1831 854 Künftige
1843 795 2095 853 eincaßiret;
2108 792 2161 854 ſo
2181 795 2288 838 auch

882 874 1000 926 alles,
1022 886 1110 916 was
1127 871 1473 932 eingeſchnitten,
1492 869 1777 928 eingeſamlet,
1790 874 1882 916 und
1895 887 1955 917 zu
1968 871 2199 925 Scheuren,
2213 873 2289 916 Bo-

885 952 987 995 dens
1007 955 1096 996 und
1109 954 1273 998 Kellers
1289 949 1521 1010 gebracht,
1557 950 1736 1007 gehöret
1749 965 1836 996 zur
1850 950 2287 1010 Allodial-Erbſchaſt.

1011 1076 1287 1131 Ueberhaupt
1305 1074 1408 1118 aber
1416 1075 1520 1129 ſind
1536 1076 1603 1117 die
1620 1075 1778 1117 Rechte
1798 1075 1889 1118 und
1913 1070 2170 1131 Befugniſſe,
2214 1074 2291 1116 der

880 1136 1226 1195 Allodial-Erben
1256 1142 1369 1186 eines
1383 1140 1681 1197 verſtorbenen
1701 1139 1881 1201 Vaſallen
1900 1143 1945 1185 in
1963 1139 2099 1201 dieſen
2117 1140 2291 1184 Landen

880 1233 964 1263 von
986 1218 1313 1276 denenienigen,
1346 1218 1412 1262 die
1435 1217 1541 1261 nach
1565 1218 1789 1276 gemeinen
1810 1219 1901 1262 und
1913 1219 2078 1264 andern
2102 1218 2293 1274 Rechten

879 1301 1124 1358 beſtimmet,
1143 1300 1429 1346 vornehmlich
1447 1301 1574 1345 darin
1592 1298 1928 1361 unterſchieden,
1954 1299 2042 1359 daß
2056 1299 2162 1344 nach
2178 1299 2290 1343 alter

881 1369 1037 1435 Weiſe,
1039 1368 1097 1435 ſo
1109 1373 1197 1418 viel
1207 1375 1274 1418 die
1282 1387 1360 1418 aus
1370 1374 1447 1416 der
1454 1375 1585 1426 Folge
1598 1376 1675 1414 der
1684 1377 2086 1426 Landwirthſchafft
2098 1376 2290 1426 gewöhn-

878 1435 958 1473 lich
989 1436 1292 1482 aufkommende
1316 1431 1490 1474 Früchte
1515 1426 1710 1486 betrifft,
1748 1424 1838 1486 auf
1856 1415 1936 1474 den
1955 1430 2089 1486 erſten
2113 1429 2200 1488 Tag
2219 1431 2290 1470 des

880 1522 1091 1568 Monaths
1105 1519 1268 1568 Martii
1285 1518 1487 1581 geachtet
1508 1520 1623 1566 wird
1638 1520 1730 1565 und
1747 1533 1872 1566 zwar
1902 1520 1980 1564 mit
1996 1523 2089 1565 dem
2118 1517 2290 1578 Erfolg,

883 1593 988 1653 daß,
1026 1609 1149 1640 wenn
1174 1596 1242 1640 ein
1267 1593 1396 1654 Vaſall
1418 1596 1464 1639 in
1488 1596 1566 1640 der
1591 1595 1743 1639 Nacht
1767 1593 1973 1654 zwiſchen
1999 1596 2085 1638 den
2105 1600 2166 1643 28.
2186 1596 2289 1636 oder

882 1689 1027 1720 wenns
1045 1677 1113 1719 ein
1130 1675 1413 1728 Schalt-Iahr,
1450 1675 1523 1716 des
1547 1684 1669 1728 29ten
1684 1674 1934 1725 Februarii,
1964 1675 2056 1718 und
2066 1675 2138 1730 des
2157 1672 2310 1732 erſten

880 1755 954 1796 des
968 1752 1150 1804 Martii,
1171 1751 1277 1795 nach
1295 1764 1444 1794 neuem
1457 1751 1584 1798 Stilo,
1602 1766 1684 1795 vor
1696 1751 2009 1800 Mitternacht,
2024 1752 2128 1794 oder
2138 1749 2301 1809 Zwölff

889 1827 986 1873 Uhr
1014 1828 1142 1872 Todes
1159 1822 1408 1881 verfaehrt,
1445 1823 1645 1882 deſſelben
1665 1824 1945 1869 Land-Erben
1974 1838 2060 1867 von
2089 1825 2169 1869 den
2189 1825 2288 1868 Ein-

881 1901 1057 1961 künften
1090 1903 1163 1945 des
1185 1901 1465 1953 Lehn-Guts,
1507 1901 1658 1945 welche
1683 1901 1727 1945 in
1753 1899 1980 1960 demſelben
2003 1901 2130 1946 Iahre
2154 1902 2287 1944 durch

881 1982 1187 2026 Aerndtlichen
1198 1980 1454 2041 Einſchnitt,
1478 1981 1710 2038 Windung,
1734 1981 1966 2037 Werbung,
1985 1980 2087 2023 oder
2085 1978 2204 2040 ſonſt
2202 1980 2289 2038 fal-

878 2058 968 2111 len,
988 2058 1104 2100 nicht
1124 2059 1201 2097 das
1210 2055 1427 2112 geringſte
1437 2053 1666 2113 genieſſen,
1677 2054 1871 2115 ſondern
1887 2054 2088 2113 dieſelben
2089 2052 2295 2117 ſchuldig

865 2130 988 2188 ſind,
1023 2131 1091 2177 die
1105 2130 1213 2177 Saat
1231 2132 1321 2175 und
1338 2131 1611 2190 Wirthſchaft
1630 2145 1709 2173 aus
1724 2134 1804 2174 den
1821 2129 2108 2189 Einkuenften
2129 2131 2201 2173 des
2219 2122 2289 2173 vo-

877 2207 1003 2265 rigen
1018 2207 1144 2251 Iahrs
1175 2204 1531 2268 unverweißlich,
1564 2207 1671 2250 auch
1695 2206 1828 2251 durch
1847 2208 1914 2253 die
1938 2207 2054 2267 beym
2072 2205 2185 2251 Gute
2196 2204 2287 2265 ſey-

880 2288 985 2332 ende
1002 2285 1172 2344 Dienſte
1187 2301 1247 2333 zu
1265 2286 1452 2344 beſtellen
1471 2286 1563 2331 und
1577 2286 1645 2331 die
1667 2286 1874 2333 Vortheile
1902 2286 1975 2331 des
1990 2285 2188 2343 Genuſſes
2207 2286 2289 2329 den

863 2347 1196 2414 Lehn-Folgern
1215 2359 1308 2401 und
1340 2358 1420 2401 Vns
1439 2356 1559 2417 ſelbſt
1585 2356 1631 2399 in
1658 2356 1827 2413 ledigen
1850 2355 2007 2412 Anfall
2035 2369 2095 2399 zu
2119 2359 2290 2412 gönnen

878 2443 971 2485 und
983 2455 1043 2485 zu
1062 2439 1330 2497 ueberlaſſen.
1385 2440 1534 2483 Iedoch
1552 2438 1655 2498 alſo,
1687 2440 1775 2498 daß
1796 2441 1863 2485 die
1879 2439 2166 2492 Naturalien,
2196 2438 2300 2485 wel-

882 2511 951 2551 che
967 2512 1107 2568 auſſer
1128 2513 1205 2556 der
1230 2511 1343 2557 Heu-
1361 2512 1455 2556 und
1471 2511 1779 2556 Korn-Erndte
1801 2509 2090 2568 aufkommen,
2122 2509 2187 2553 als
2212 2511 2291 2554 der

880 2578 1117 2635 Graeſung,
1132 2582 1285 2626 mithin
1292 2581 1447 2635 Milch,
1465 2581 1622 2625 Butter
1632 2581 1723 2625 und
1726 2580 1877 2638 Kaeſe,
1900 2582 2008 2623 auch
2025 2583 2287 2641 beſcheidene

880 2667 1156 2717 Nutzungen
1184 2671 1260 2707 der
1280 2666 1327 2708 in
1329 2664 1501 2724 ſolcher
1523 2664 1623 2710 Zeit
1654 2663 1875 2708 erlaubten
1902 2663 2032 2722 Iagd,
2071 2666 2286 2721 Fiſcherey
