2496 2863
767 394 860 453 452

1018 382 1647 458 OBSERVATIO
1647 382 1938 458 LXXVI.

769 488 902 537 Quod
930 488 959 525 ſi
979 491 1071 541 quis
1096 492 1174 531 iam
1200 494 1422 550 antequam
1445 505 1604 542 nomen
1626 497 1791 549 militiae
1816 497 2006 569 dederit,
2032 510 2182 573 citatus

768 554 836 586 vel
855 552 969 588 litem
997 560 1245 595 conteſtatus
1265 563 1345 609 eſt,
1380 574 1421 600 et
1440 564 1488 601 in
1494 558 1673 615 prioris
1673 561 1861 619 domini
1871 556 1937 626 ſui
1952 572 2182 620 immediati

766 619 903 664 fundo
929 635 1248 681 commoratur,
1289 631 1358 676 hic
1385 632 1437 676 ad
1460 631 1701 682 mandatum
1718 635 1997 705 Conſiſtorii,
2037 657 2182 693 contu-

766 702 925 733 macem
956 704 997 732 et
1023 696 1275 742 renitentem
1296 702 1431 746 ſiſtere
1457 700 1582 748 debet
1609 704 1681 765 7).
1734 709 1887 757 Aliter
1917 726 2022 760 vero
2051 715 2090 762 ſe
2104 721 2179 765 res

2038 799 2177 856 habet,

761 865 872 910 unſers
904 869 1147 918 Pommerſchen
1183 863 1369 909 Conſiſtorii
1400 887 1444 902 zu

762 921 998 964 Greiffswald,
1042 918 1076 954 in
1104 922 1221 957 Sachen

760 971 886 1005 Mariae
919 975 1084 1010 Melchers
1115 971 1294 1021 Klägerin,
1327 987 1441 1015 contra

758 1022 890 1065 Jochim
935 1023 1144 1062 Schmooken
1197 1028 1372 1075 Beklagten
1405 1034 1440 1070 in

756 1073 882 1113 puncto
906 1072 1017 1116 Stupri
1038 1082 1100 1107 etc.
1125 1086 1170 1109 zu
1182 1075 1328 1128 erſehen,
1352 1073 1436 1116 wor-

758 1122 836 1155 über
846 1118 981 1168 ſelbiges
999 1123 1119 1161 wieder
1134 1123 1198 1165 den
1218 1121 1439 1179 verſtorbenen

756 1176 925 1225 Capitaine
944 1179 1098 1224 Neſtius,
1129 1182 1194 1230 alſs
1214 1188 1294 1222 auch
1303 1183 1436 1236 ſonſten

744 1225 813 1274 ſich
844 1227 1047 1279 beſchweret.
1134 1240 1239 1274 Wann
1268 1250 1333 1273 nun
1357 1251 1436 1278 zum

751 1276 948 1327 Aufenthalt
961 1284 1017 1318 der
1043 1278 1151 1327 Juſtitz
1162 1285 1336 1334 gereichet,
1361 1286 1436 1337 daſs

749 1325 898 1374 beſagter
914 1331 1082 1380 Capitaine
1101 1335 1228 1373 Neſtius
1242 1331 1304 1374 der
1319 1351 1362 1376 an
1377 1343 1438 1377 Ihn

744 1383 921 1422 gelangten
954 1383 1160 1431 requiſition
1186 1394 1344 1431 entgegen
1372 1390 1435 1427 den

750 1433 925 1478 Beklagten
941 1435 1029 1471 nicht
1036 1439 1116 1475 nach
1125 1437 1343 1490 Greiffswald,
1350 1441 1434 1491 ſon-

748 1480 828 1516 dern
841 1480 906 1530 alſs
919 1484 1010 1521 einen
1026 1497 1089 1521 neu
1099 1488 1346 1537 angeworbenen
1353 1495 1434 1532 nach

745 1534 919 1584 Stralſund
927 1539 1060 1586 bringen
1075 1541 1183 1589 laſſen,
1206 1550 1275 1581 und
1282 1547 1335 1583 die
1341 1551 1441 1586 dort-

747 1583 806 1618 hin
815 1583 1009 1616 abgelaſſene
1026 1584 1223 1632 Subſidiales
1230 1597 1303 1613 vom
1319 1593 1357 1612 16
1361 1592 1437 1618 und

745 1634 786 1666 28
810 1632 932 1664 Martii
957 1642 1052 1673 1747.
1076 1636 1157 1669 ohne
1181 1632 1444 1690 Hülffsbietung

740 1676 881 1719 gelaſſen
898 1681 1053 1720 worden,
1079 1684 1157 1715 auch
1165 1676 1246 1719 dem
1264 1684 1432 1732 Anführen

745 1730 823 1766 nach
838 1728 958 1779 häuffig
972 1732 1135 1784 einreiſſen
1137 1735 1222 1785 ſoll,
1244 1739 1318 1787 daſs
1334 1732 1382 1793 die
1401 1732 1439 1786 ſo

743 1778 778 1815 in
808 1783 932 1830 puncto
960 1782 1109 1833 promiſſi
1142 1784 1372 1835 matrimonii,
1391 1791 1428 1836 in

741 1833 926 1884 Anſprache
953 1848 1141 1887 genommen
1152 1840 1253 1891 ſind,
1285 1845 1346 1892 bey
1366 1849 1428 1884 der

740 1889 855 1927 Milice
865 1888 997 1938 Dienſte
1010 1895 1194 1940 verlangen,
1215 1896 1348 1947 daſelbſt
1365 1912 1424 1937 an-

734 1949 922 1985 genommen
936 1946 1005 1979 und
1004 1944 1134 1994 ſodann
1147 1959 1192 1985 zu
1201 1950 1425 1997 Behinderung

740 1993 799 2026 der
818 1994 933 2031 Iuſtice
957 1998 1147 2045 protegiret
1166 2005 1306 2044 worden.
1366 2007 1422 2042 In-

739 2039 840 2086 deſſen
857 2052 952 2080 unter
966 2048 1088 2083 andern
1102 2059 1162 2084 aus
1172 2052 1272 2088 denen
1285 2053 1319 2093 in
1329 2054 1420 2098 annis

741 2095 836 2135 1669.
853 2100 921 2130 und
939 2102 1023 2138 1681.
1042 2109 1154 2146 wegen
1164 2104 1340 2143 Verhalten
1361 2109 1420 2147 der

738 2140 855 2180 Milice
867 2145 903 2178 in
916 2149 1081 2184 Pommern
1094 2161 1295 2196 ergangenen
1309 2155 1417 2192 Placa-

740 2202 796 2227 ten
805 2193 875 2225 und
877 2203 935 2227 aus
939 2201 996 2229 der
1002 2197 1283 2247 Topolnovſchen
1292 2207 1417 2242 reſolu-

737 2241 809 2280 tion
821 2253 895 2279 vom
906 2256 943 2278 20
953 2249 1039 2282 Nov.
1049 2258 1133 2291 1703.
1147 2254 1241 2290 Euch
1249 2257 1338 2293 nicht
1352 2267 1411 2292 un-

735 2287 857 2340 bewuſt
872 2286 941 2341 ſeyn
950 2294 1020 2335 kan,
1038 2296 1113 2341 daſs
1126 2301 1277 2336 niemand
1291 2308 1414 2343 wieder

735 2341 1032 2384 Gerichts-Gewalt
1047 2343 1083 2380 in
1096 2347 1214 2382 Schutz
1225 2357 1413 2397 genommen

731 2394 881 2433 werden,
899 2395 967 2429 und
983 2397 1059 2431 auch
1074 2397 1128 2435 die
1136 2401 1329 2440 würckliche
1343 2410 1411 2443 Mi-

729 2447 982 2486 litair-Bediente
998 2451 1033 2487 in
1049 2450 1172 2493 Fällen,
1182 2452 1227 2499 ſo
1239 2457 1410 2503 eigentlich

728 2512 802 2534 zum
818 2498 1005 2550 geiſtlichen
1019 2501 1153 2545 Gericht
1163 2507 1324 2556 gehören,
1348 2521 1409 2549 vor

1482 859 1634 915 Unſerm
1667 859 1863 926 Conſiſtorio
1888 899 2093 921 erſcheinen,
2123 893 2179 917 die

1475 914 1806 972 Krieges-Gerichte
1837 931 1914 967 aber
1925 941 2014 969 die
2040 946 2175 985 daſelbſt

1487 975 1717 1026 geſprochenen
1763 986 1896 1022 Urtheln
1949 998 1995 1021 zu
2033 1002 2174 1037 exequi-

1491 1045 1547 1069 ren
1557 1033 1625 1083 ſich
1648 1038 1738 1076 nicht
1761 1040 1903 1088 weigern
1922 1043 2035 1090 ſollen.
2096 1050 2175 1095 Alſs

1487 1081 1637 1129 geſinnen
1678 1088 1744 1124 wir
1782 1089 1913 1128 hiermit
1944 1096 1987 1128 an
2020 1096 2061 1130 E.
2086 1100 2175 1142 gnä-

1487 1136 1602 1185 digſt,
1642 1139 1834 1190 fernerhin
1860 1147 1938 1183 über
1974 1157 2177 1195 angezogene

1495 1189 1610 1237 Unſere
1636 1195 1882 1241 Verordnungen
1906 1199 2021 1244 genau
2040 1207 2081 1250 zu
2102 1204 2172 1239 hal-

1486 1247 1560 1281 ten,
1585 1244 1664 1281 auch
1683 1246 1761 1286 bey
1770 1247 1852 1283 allen
1878 1250 1948 1297 auf
1961 1252 2170 1294 Commando

1483 1286 1647 1334 liegenden
1674 1282 1866 1343 Officieren,
1901 1295 1953 1330 die
1977 1299 2169 1344 nachdrück-

1484 1335 1564 1376 liche
1586 1342 1701 1378 ordres
1717 1354 1775 1380 zu
1784 1337 1918 1392 ſtellen,
1948 1341 2020 1397 daſs
2033 1351 2093 1387 Sie
2115 1353 2169 1389 die

1481 1388 1559 1432 von
1574 1393 1708 1442 Unſerm
1718 1398 1926 1441 Conſiſtorio
1943 1406 2020 1439 oder
2043 1408 2169 1447 andern

1462 1445 1655 1500 Gerichten
1679 1450 1902 1501 requirirende
1921 1455 2167 1508 Hülffsbietung

1463 1490 1553 1533 auf
1558 1502 1658 1537 keine
1674 1507 1728 1539 Art
1744 1490 1938 1540 verwegern
1951 1490 2027 1533 noch
2039 1492 2168 1547 aufhal-

1482 1545 1556 1585 ten,
1576 1545 1763 1591 Volbringet
1777 1556 1839 1584 etc.
1886 1551 1896 1587 G.
1920 1556 1960 1589 B.
1983 1558 2014 1589 K.
2043 1550 2082 1591 H.
2084 1548 2167 1593 Tri-

1462 1591 1587 1625 bunal
1594 1593 1631 1625 in
1634 1593 1792 1632 Wiſmar
1808 1597 1871 1629 den
1880 1600 1915 1636 8
1915 1603 1969 1638 Iul.
1982 1598 2109 1638 1748.

1520 1644 1574 1684 7)
1607 1643 1745 1696 Quando
1765 1647 1938 1694 contumax
1965 1648 2069 1690 ſubeſt
2089 1643 2161 1701 aliis

1477 1683 1611 1727 iudiciis
1638 1692 1786 1730 mediatis
1809 1684 1902 1734 hiſce
1929 1697 2161 1741 Conſiſtorium

1479 1735 1640 1780 mandare
1652 1740 1762 1791 poteſt
1781 1743 2010 1787 executionem
2041 1758 2084 1789 P.
2095 1758 2160 1791 III.

1479 1801 1512 1834 C.
1523 1810 1558 1844 5.
1573 1801 1605 1848 §.
1622 1812 1646 1836 1.
1673 1803 1769 1849 Inſtr.
1785 1805 1910 1858 Conſiſt.
1953 1809 1976 1848 ſi
1992 1811 2158 1861 denegant

1475 1849 1530 1886 vel
1550 1861 1588 1888 vt
1613 1850 1769 1893 iudicium
1790 1856 1975 1899 Conſiſtorii
2007 1862 2158 1901 eludatur

1473 1899 1633 1939 auxilium
1654 1906 1814 1955 praebent
1834 1907 1875 1943 ab
1889 1910 1994 1948 hocce
2009 1913 2155 1953 mulctari

1472 1952 1608 2001 quidem
1631 1958 1765 2007 poſſunt
1786 1971 1958 2005 STRYCK
1986 1965 2047 2010 vſ.
2068 1970 2155 2004 mod.

1470 2009 1517 2047 ad
1529 2009 1621 2054 edict.
1639 2006 1677 2061 de
1692 2023 1729 2049 eo
1743 2018 1809 2058 per
1809 2019 1911 2060 quem
1921 2016 2063 2067 factum,
2083 2029 2150 2065 quo

1469 2052 1575 2087 minus
1591 2057 1679 2100 quis
1695 2055 1741 2092 in
1751 2059 1868 2103 iudicio
1896 2061 1933 2111 ſe
1929 2056 2042 2109 ſiſtat
2052 2066 2082 2099 l.
2096 2072 2150 2105 27.

1469 2101 1500 2153 §.
1509 2116 1544 2151 3.
1570 2101 1720 2162 mulctam
1735 2120 1809 2163 vero
1823 2106 1865 2152 ad
1882 2117 2006 2159 Fiſcalis
2019 2120 2149 2155 denun-

1465 2163 1639 2193 ciationem
1654 2162 1818 2201 mediante
1831 2162 2002 2208 dicaſterio
2021 2167 2148 2214 exequi

1465 2209 1586 2246 debere
1607 2220 1652 2247 ex
1676 2217 1718 2251 P.
1729 2216 1796 2253 III.
1817 2213 1901 2263 C.5.
1914 2213 1943 2261 §.
1956 2225 1992 2258 3.
2003 2215 2145 2267 inſtruct.

1463 2262 1591 2307 Conſiſt.
1611 2264 1727 2309 colligi
1735 2264 1828 2311 poſſe
1846 2265 1988 2307 videtur.
2012 2268 2047 2304 Si
2058 2282 2141 2314 vero

1463 2315 1537 2347 quis
1557 2315 1611 2341 vel
1634 2322 1707 2347 non
1719 2315 1916 2355 competens
1940 2310 2041 2350 iudex
2059 2329 2139 2358 con-

1463 2361 1598 2398 tumacis
1610 2360 1678 2397 fuit
1690 2356 1743 2399 vel
1757 2368 1826 2402 non
1844 2359 2014 2409 probatum
2031 2378 2136 2416 quen-

1461 2410 1535 2449 dam
1555 2414 1764 2459 copperaſſe
1767 2409 1804 2458 in
1822 2415 1936 2458 iudicii
1959 2418 2134 2463 eluſionem

1458 2469 1522 2500 nec
1537 2461 1694 2503 mandatis
1717 2473 1779 2502 nec
1789 2463 1914 2505 mulctis
1929 2478 2041 2510 contra
2055 2486 2137 2514 eum

1451 2509 1551 2557 locus
1572 2510 1634 2557 eſt.
