1451 2157
369 186 427 220 15.
448 172 565 217 Denn
583 172 629 221 ich
644 174 714 214 will
729 173 780 214 die
790 172 980 217 Ubertreter
1008 173 1101 217 deine
1121 170 1238 225 Wege
1253 171 1317 225 leh⸗

333 235 406 272 ren,
423 226 490 269 daß
505 225 565 276 ſich
579 227 630 267 die
646 224 801 268 Suͤnder
817 236 854 270 zu
873 226 926 266 dir
944 224 1109 275 bekehren.

356 280 413 317 16.
427 274 559 319 Errette
577 275 660 324 mich
669 285 737 317 von
745 279 808 317 den
818 274 1125 326 Blut⸗Schulden,
1143 275 1312 328 GOTT,

331 337 389 375 der
410 334 484 376 Du
501 333 589 374 mein
616 333 729 377 GOtt
747 338 818 374 und
844 331 1007 382 Heyland
1028 332 1102 382 biſt,
1121 331 1188 381 daß
1207 331 1314 373 meine

330 383 452 435 Zunge
468 385 560 426 deine
579 384 822 435 Gerechtigkeit
840 383 968 432 ruͤhme.

362 447 419 480 17.
445 435 619 487 HERR,
647 434 723 483 thue
752 433 858 474 meine
890 433 1013 484 Lippen
1035 432 1106 484 auf,
1132 433 1199 481 daß
1224 433 1315 475 mein

332 492 452 535 Mund
468 492 584 533 deinen
602 491 726 538 Ruhm
746 490 955 540 verkuͤndige.

360 545 415 581 18.
428 537 543 581 Denn
554 542 599 578 du
612 536 684 586 haſt
693 536 781 587 nicht
791 536 865 584 Luſt
874 547 947 586 zum
956 535 1083 588 Opfer,
1092 536 1139 589 ich
1151 535 1251 577 woſte
1261 537 1314 578 dir

332 602 369 636 es
387 596 473 645 ſonſt
491 594 584 644 wohl
606 594 721 645 geben,
739 599 810 636 und
829 593 1094 645 Brand⸗Opfer
1113 593 1252 645 gefallen
1262 594 1314 635 dir

327 651 427 703 nicht.

357 703 403 737 19
429 687 508 725 Die
527 686 654 732 Opfer,
679 688 729 724 die
748 683 906 728 GOTT
919 684 1070 732 gefallen,
1100 685 1172 732 ſind
1190 663 1243 720 ein
1260 693 1312 729 ge⸗

340 752 474 802 aͤngſter
495 753 612 800 Geiſt;
645 752 715 796 Ein
724 747 912 802 geaͤngſtes
915 746 972 796 und
989 751 1185 803 zerſchlagen
1202 750 1314 801 Hertz,

332 810 427 859 wirſt
443 813 501 854 du,
519 808 689 860 GOTT,
709 808 796 858 nicht
810 806 992 852 verachten.

358 869 420 897 20.
447 854 546 905 Thue
563 854 656 904 wohl
669 867 716 896 an
735 854 824 906 Zion
840 854 922 907 nach
937 855 1048 898 deiner
1063 854 1205 906 Gnade,
1225 854 1313 897 baue

332 921 384 964 die
400 919 556 962 Mauren
577 928 614 967 zu
632 915 846 967 Jeruſalem;

363 978 422 1006 21.
443 963 559 1008 Denn
567 969 701 1006 werden
710 964 762 1005 dir
771 963 910 1014 gefallen
919 963 969 1006 die
977 963 1091 1016 Opfer
1102 966 1160 1006 der
1170 963 1315 1016 Gerech⸗

332 1021 450 1074 tigkeit,
455 1016 507 1073 die
512 1017 766 1074 Brand⸗Opfer
779 1025 849 1063 und
860 1020 1120 1074 gantzenOpfer,
1129 1025 1217 1064 denn
1226 1023 1314 1064 wird

331 1082 415 1115 man
423 1072 556 1124 Farren
564 1073 630 1124 auf
633 1074 762 1115 deinem
772 1063 878 1118 Altar
886 1073 1015 1124 opfern.

654 1176 735 1216 Der
759 1186 841 1216 130.
857 1174 998 1216 Pſalm.

332 1224 404 1305 A

400 1265 455 1310 Us
465 1267 523 1306 der
539 1262 658 1313 Tiefen
672 1261 757 1314 ruffe
771 1263 832 1314 ich,
846 1262 1020 1315 HERR,
1039 1275 1077 1315 zu
1093 1262 1185 1308 Dir.

359 1323 394 1353 2.
421 1313 596 1366 HERR,
606 1311 685 1363 hoͤre
703 1311 809 1354 meine
825 1311 999 1363 Stimme,
1018 1311 1072 1362 laß
1087 1313 1179 1356 deine
1192 1309 1317 1364 Ohren

334 1376 481 1416 mercken
495 1375 558 1424 auf
563 1374 614 1416 die
625 1372 786 1417 Stimme
795 1372 922 1415 meines
935 1371 1093 1424 Flehens.

361 1434 394 1469 3.
418 1423 486 1465 So
507 1424 560 1472 du
560 1419 649 1472 wilt,
663 1420 792 1474 HErr,
807 1418 943 1465 Suͤnde
960 1420 1175 1472 zurechnen:
1187 1418 1316 1476 HErr,

329 1494 402 1527 wer
414 1487 504 1527 wird
522 1486 694 1536 beſtehen?

358 1536 396 1571 4.
411 1526 528 1565 Denn
543 1529 604 1572 bey
620 1528 674 1564 dir
695 1524 733 1574 iſt
742 1523 793 1565 die
810 1521 1044 1572 Vergebung,
1063 1521 1132 1569 daß
1146 1531 1230 1561 man
1244 1519 1316 1573 dich

331 1596 468 1646 fuͤrchte.

365 1643 395 1678 5.
407 1631 477 1679 Jch
496 1626 594 1676 harre
606 1634 666 1671 des
677 1629 830 1681 HErrn,
853 1639 960 1670 meine
976 1626 1085 1672 Seele
1103 1627 1230 1680 harret,
1245 1631 1317 1670 und

331 1699 380 1749 ich
401 1696 487 1745 hoffe
499 1697 563 1744 auf
575 1699 639 1743 ſein
652 1698 782 1742 Wort.

361 1744 396 1781 6.
411 1737 531 1780 Meine
548 1737 656 1777 Seele
665 1744 787 1777 wartet
802 1734 866 1785 auf
883 1738 947 1776 den
964 1732 1116 1791 HErrn,
1133 1732 1213 1777 von
1230 1734 1318 1777 einer

333 1799 603 1855 Morgenwache
620 1800 675 1843 bis
690 1812 729 1853 zu
745 1806 803 1844 der
817 1804 957 1845 andern.

1150 1844 1319 1896 7.Jſra⸗
