2418 2808
537 1523 609 1559 1631
621 1519 692 1556 wird

499 1568 610 1606 ſelbiges
631 1564 677 1596 bis

505 1616 578 1650 1636
588 1605 697 1651 prolon-

501 1654 584 1691 giret.

709 467 748 516 1)
765 466 850 515 Daß
865 463 976 512 ſolches
993 464 1086 510 ſowol
1099 461 1232 509 Fremde
1242 462 1293 501 als
1304 460 1532 510 Einheimiſche
1551 457 1722 511 obligiren,
1745 460 1796 497 und
1814 453 1858 511 auf
1887 460 1946 498 alle
1964 455 2094 507 zinsbar

757 510 942 555 gewordene
963 505 1135 557 Capitalia,
1161 506 1238 552 auch
1254 495 1435 547 Wittwen⸗
1440 502 1529 548 und
1532 497 1809 548 Kinder⸗Gelder,
1837 506 1913 545 auch
1936 505 2093 542 Kramer⸗

759 573 825 609 und
841 567 1125 615 Buch⸗Schulden
1141 574 1274 613 gezogen
1290 568 1412 603 werden
1429 566 1519 611 ſolle,
1546 573 1637 600 wenn
1658 562 1752 609 gleich
1768 561 1845 607 auch
1862 564 1944 600 allen
1961 560 2096 599 Indultis

758 618 843 656 waͤre
856 620 1048 655 renunciiret
1063 620 1208 662 worden;
1236 621 1489 661 ausgenommen
1504 616 1535 661 a)
1548 615 1607 652 alle
1618 612 1839 663 Ehe⸗Gelder,
1854 613 1902 649 die
1917 612 1999 655 nicht
2015 612 2100 657 zins⸗

762 670 821 710 bar
833 673 1010 719 geworden,
1037 672 1072 718 b)
1089 672 1207 710 Debita
1222 667 1352 707 Fiſcalia
1363 666 1496 718 liquida,
1523 667 1558 714 c)
1569 666 1700 712 Debita,
1720 665 1748 713 ſo
1762 666 1825 712 auf
1834 666 1954 712 gewiſſe
1962 666 2100 702 Termi-

762 735 829 759 nen
845 734 881 770 zu
897 721 1041 771 bezahlen
1058 722 1162 767 jurato
1177 720 1375 767 verſprochen
1390 723 1530 765 worden,
1558 716 1597 766 d)
1613 716 1729 754 Salaria
1741 721 1805 755 und
1822 717 1999 756 verdientes
2008 715 2100 763 Lohn,

759 782 793 826 e)
811 776 962 819 Penſion,
977 782 1049 815 oder
1063 775 1326 826 Mieth⸗Gelder,
1354 773 1392 823 ſ)
1407 771 1568 815 Kramer⸗
1576 771 1660 818 oder
1660 771 1965 820 Buch⸗Schulden,
1993 772 2098 808 davon

762 833 847 871 keine
864 830 980 879 Zinſen
993 828 1162 880 ſtipuliret,
1190 830 1263 866 oder
1277 827 1353 872 nach
1369 828 1603 865 committirten
1619 824 1755 870 Verzug
1770 822 1910 870 gebeten,
1937 823 1975 873 g)
1991 820 2101 871 Kauf⸗

707 863 959 917 Contraƈte,
996 871 1132 918 dadurch
1155 873 1208 909 der
1236 870 1420 911 Landmann
1445 871 1478 911 in
1504 867 1655 909 Staͤdten
1670 863 1792 919 Korn,
1832 869 1943 907 Wolle
1962 876 2003 908 ꝛc.
2030 874 2100 903 ver⸗

758 935 883 979 borget.

710 984 751 1033 2)
779 982 865 1029 Daß
878 983 912 1021 in
928 980 1000 1019 caſu
1017 993 1118 1017 moræ
1135 981 1219 1024 nicht
1233 980 1328 1018 allein
1341 974 1551 1022 miſerabiles,
1573 977 1708 1024 ſondern
1730 979 1789 1015 alle
1812 979 1877 1013 und
1896 978 1961 1022 jede
1975 979 2040 1025 auf
2050 977 2101 1016 die

764 1041 977 1084 ruͤckſtaͤndige
998 1044 1062 1078 und
1078 1038 1202 1086 betagte
1215 1036 1332 1089 Zinſen
1348 1048 1403 1084 zur
1420 1036 1603 1075 Execution
1616 1047 1655 1084 zu
1670 1032 1840 1085 verhelfen.

712 1093 757 1147 3)
784 1096 870 1144 Daß
885 1098 934 1136 ein
951 1097 1033 1138 jeder
1050 1094 1231 1140 Glaͤubiger
1253 1102 1289 1139 zu
1306 1090 1502 1138 Erlangung
1518 1088 1758 1138 Unterpfandes
1780 1087 2026 1136 Gerechtigkeit,
2053 1088 2103 1126 die

764 1143 951 1185 Immiſſion
971 1146 1079 1193 ſuchen
1101 1149 1164 1184 und
1186 1144 1369 1193 befordern,
1405 1145 1470 1180 und
1490 1142 1557 1190 ihm
1577 1143 1642 1190 alſo
1666 1141 1715 1180 ein
1737 1141 1793 1184 Jus
1817 1138 1902 1176 reale
1926 1140 2103 1188 acquiriren

763 1200 865 1237 moͤge.

708 1244 753 1295 4)
781 1246 869 1294 Daß
890 1250 945 1285 der
958 1242 1109 1283 Creditor
1131 1253 1189 1282 vor
1208 1235 1434 1291 abgelaufener
1453 1242 1549 1291 dieſer
1571 1232 1774 1288 allgemeiner
1794 1235 2104 1290 Befriſtungs⸗Zeit

764 1306 813 1340 die
826 1302 1033 1340 Liquidation
1048 1306 1100 1340 der
1112 1301 1399 1340 Schuldfoderuug
1413 1299 1560 1346 befodern
1578 1301 1689 1340 koͤnne.

714 1354 754 1403 5)
780 1354 867 1403 Daß
890 1356 938 1393 die
958 1350 1168 1398 Fidejuſſores
1190 1356 1243 1388 der
1270 1340 1649 1402 Landkaſten⸗Schulden
1675 1349 1739 1386 und
1759 1350 1849 1386 deren
1874 1345 2031 1392 Buͤrgen,
2057 1345 2104 1392 ſo⸗

762 1409 827 1448 wol
847 1411 881 1447 in
900 1407 1076 1455 Anſehung
1097 1409 1151 1444 der
1172 1405 1375 1450 Capitalien,
1402 1404 1456 1440 als
1477 1402 1611 1450 Zinſen,
1639 1402 1700 1443 mit
1727 1396 1909 1451 Execution
1926 1396 2103 1453 verſchonet

764 1466 835 1502 ſeyn
848 1464 952 1502 ſollen.

814 1509 889 1549 Und
913 1506 1040 1555 obzwar
1063 1508 1117 1545 der
1135 1504 1296 1552 damalige
1318 1493 1507 1560 anhaltende
1530 1492 1721 1559 Nothſtand
1736 1493 1985 1549 unumgaͤnglich
2004 1502 2102 1549 erfor⸗

714 1560 822 1611 derte,
836 1560 936 1607 dieſes
955 1549 1179 1596 Moratorium
1199 1569 1228 1594 a.
1249 1550 1357 1605 1631.
1374 1546 1600 1605 einzufuͤhren,
1624 1552 1701 1598 auch
1717 1561 1781 1591 von
1797 1554 1897 1591 einem
1912 1552 2008 1600 Jahr
2029 1560 2103 1597 zum

718 1615 837 1655 andern
859 1611 910 1648 bis
933 1609 1094 1645 Anthonii
1113 1608 1227 1655 1736,
1255 1607 1356 1652 jedoch
1380 1615 1440 1643 nur
1456 1605 1528 1642 blos
1547 1605 1607 1650 auf
1618 1606 1666 1643 die
1684 1604 1880 1647 Capitalien,
1899 1614 1936 1648 zu
1951 1608 2105 1650 prorogi-

716 1681 785 1716 ren,
816 1669 946 1716 hernach
961 1678 995 1707 es
1013 1667 1082 1718 ipſo
1097 1668 1184 1705 facto
1196 1667 1320 1706 caſſiret
1332 1670 1397 1704 und
1410 1664 1607 1712 aufgehoben
1624 1666 1691 1709 ſeyn
1707 1663 1805 1711 ſolle.
1813 1677 1842 1700 v.
1857 1664 1901 1703 L.
1917 1664 1966 1704 A.
1982 1662 2020 1698 de
2032 1664 2102 1707 1634

714 1723 747 1759 d.
765 1736 793 1758 10
807 1721 886 1767 Jul.
913 1725 940 1766 §.
962 1720 1181 1765 Nachdem
1186 1727 1232 1758 ꝛc.
1260 1720 1288 1764 ſo
1305 1722 1395 1755 ward
1411 1715 1546 1759 dennoch
1570 1713 1842 1765 wohlbedaͤchtlich
1861 1716 1960 1759 dabey
1975 1715 2104 1753 wieder⸗

711 1773 810 1818 holet,
832 1769 1016 1810 verabredet
1031 1775 1094 1808 und
1112 1769 1284 1817 feſtgeſetzt,
1312 1769 1376 1815 daß
1395 1769 1549 1805 darunter
1566 1766 1649 1810 nicht
1663 1773 1797 1814 gezogen
1814 1768 1937 1804 werden
1951 1765 2056 1813 ſollten

716 1824 758 1868 1)
771 1819 943 1867 diejenigen
962 1818 1073 1862 Caſus,
1098 1818 1209 1861 welche
1224 1817 1270 1855 die
1287 1818 1405 1861 Rechte
1420 1822 1481 1854 von
1498 1818 1555 1852 den
1570 1805 1706 1851 induciis
1724 1818 1907 1849 moratoriis
1921 1813 2104 1853 eximirten.

765 1898 797 1922 v.
811 1881 950 1924 Landt.
967 1880 1100 1930 Abſch.
1115 1883 1152 1917 de
1167 1884 1235 1925 1631.
1253 1878 1286 1917 d.
1309 1893 1316 1925 3
1331 1879 1410 1917 Dec.
1437 1882 1462 1926 §.
1484 1876 1692 1926 Nachdem
1715 1877 1821 1916 6tens
1842 1885 1892 1928 ꝛc.
1940 1873 2047 1919 L.A.
2067 1877 2104 1913 de

767 1932 844 1975 1632.
858 1931 889 1968 d.
905 1933 947 1967 26
956 1929 1033 1976 Jul.
1054 1932 1080 1975 §.
1097 1929 1244 1971 Weiter
1258 1914 1337 1965 und
1355 1934 1460 1974 3tens
1475 1936 1520 1962 ꝛc.

715 1987 760 2034 2)
787 1986 875 2034 Daß
890 1985 954 2032 auf
968 1976 1017 2022 die
1034 1983 1158 2028 betagte
1169 1980 1297 2028 Zinſen,
1322 1983 1362 2030 ſie
1381 1980 1496 2028 ruͤhren
1510 1979 1564 2029 her
1582 1991 1622 2015 ex
1636 1977 1834 2029 principalis,
1854 1981 1927 2017 oder
1940 1975 2104 2026 fidejuſſo-

767 2035 811 2068 ris
838 2031 1057 2081 obligatione,
1082 2031 1133 2064 via
1154 2029 1318 2065 executiva
1346 2035 1458 2063 contra
1479 2024 1631 2064 moroſos
1653 2026 1813 2063 debitores
1834 2024 2015 2074 procediret
2028 2034 2107 2063 wer⸗

769 2094 829 2131 den
844 2092 924 2136 ſolle.
951 2103 982 2128 v.
997 2091 1041 2131 L.
1056 2088 1105 2130 A.
1125 2090 1160 2124 de
1177 2090 1250 2133 1633.
1271 2089 1302 2125 d.
1315 2099 1334 2128 8
1349 2090 1446 2125 Febr.
1468 2090 1495 2133 §.
1509 2085 1604 2129 Zum
1625 2092 1743 2131 15ten.
1796 2083 1903 2126 L.A.
1918 2085 1955 2120 de
1970 2076 2049 2129 1634.
2071 2077 2109 2123 d.

769 2158 798 2179 10
813 2143 892 2179 Jul.
917 2147 943 2179 §.
965 2142 1172 2184 Nachdem
1189 2140 1282 2179 auch
1300 2142 1366 2177 No.
1385 2153 1406 2174 1.

720 2193 763 2242 3)
792 2192 878 2240 Daß
893 2190 1078 2238 diejenigen,
1107 2189 1135 2235 ſo
1151 2192 1199 2228 die
1214 2197 1359 2228 currente
1372 2187 1487 2236 Zinſen
1502 2185 1585 2230 nicht
1600 2186 1759 2235 gutwillig
1774 2184 1924 2236 abgeben,
1939 2185 2038 2233 dieſes
2052 2185 2109 2222 be-

769 2245 879 2283 neficii
900 2236 1044 2285 verluſtig
1071 2235 1189 2285 erkannt
1203 2245 1324 2281 werden
1343 2241 1461 2285 ſollten.
1513 2239 1557 2282 L.
1574 2241 1620 2282 A.
1638 2241 1674 2276 de
1687 2240 1771 2283 1634.
1791 2238 1845 2274 c.l.

721 2294 768 2342 4)
789 2293 853 2342 Jſt
869 2296 1046 2342 verordnet,
1066 2294 1168 2331 damit
1183 2303 1254 2340 zum
1269 2289 1441 2338 Præjudice
1455 2294 1513 2330 des
1530 2289 1708 2329 Creditoris
1729 2293 1790 2329 der
1798 2289 1939 2327 Debitor
1952 2286 2037 2332 nicht
2050 2297 2109 2325 un⸗

774 2349 877 2396 gewiß
890 2352 962 2386 oder
976 2345 1152 2396 unzahlbar
1165 2348 1286 2384 werden
1304 2346 1408 2391 moͤge,
1435 2345 1499 2392 daß
1514 2346 1567 2383 der
1580 2344 1730 2388 Debitor,
1747 2349 1820 2383 oder
1830 2339 2018 2389 Fidejuſſor,
2037 2343 2111 2381 dem

772 2387 943 2435 Creditori
962 2394 1157 2442 annehmlich
1173 2398 1250 2432 neue
1262 2388 1484 2429 Aſſecuration
1499 2389 1614 2438 ſtellen,
1637 2392 1715 2429 oder
1728 2390 1851 2442 realem
1868 2386 2110 2426 inimiſſionem

778 2466 817 2499 zu
833 2458 933 2500 leiden
948 2455 1083 2508 ſchuldig
1099 2456 1166 2505 ſeyn
1182 2456 1262 2506 ſolle.
1313 2455 1360 2501 L.
1372 2453 1422 2499 A.
1442 2454 1479 2491 de
1491 2452 1573 2506 1634.
1593 2465 1618 2489 c.
1633 2453 1655 2489 l.
