2674 3131
915 515 1104 595 CVIII

940 649 1036 689 tear,
1066 640 1188 682 videri
1203 641 1363 683 omnino
1377 640 1502 696 poſſe,
1531 645 1569 685 in
1585 655 1688 685 textu
1711 644 1841 687 noſtro
1864 646 2081 688 ſermonem
2103 648 2175 690 eſſe
2201 658 2347 690 tantum

939 709 989 751 de
1009 712 1191 752 fructibus
1210 712 1456 753 naturalibus.
1484 714 1570 764 quia
1590 714 1731 755 fructus
1750 716 1926 755 dicuntur
1950 729 1992 754 ex
2016 716 2124 767 feudo
2146 717 2352 768 prouenien-

937 784 1002 824 tes,
1029 790 1156 819 tamen
1180 779 1345 834 ingenue
1361 781 1508 826 fateor,
1536 794 1597 822 me
1614 783 1708 822 nihil
1733 783 1866 824 videre
1889 784 2038 825 abſurdi
2066 787 2104 825 in
2131 797 2198 830 eo,
2235 783 2352 835 quod,

937 859 981 887 vt
998 847 1090 887 alios
1106 859 1272 896 taceam,
1293 859 1587 892 CARPZOVIVS
1606 851 1651 905 a]
1674 851 1862 901 defendit,
1881 852 1979 892 hanc
1999 853 2283 908 diſpoſitionem
2300 854 2347 893 ad

935 931 1072 959 omnes
1093 921 1255 960 omnino
1281 922 1438 962 tendere
1461 923 1614 964 fructus.
1670 924 1809 974 Neque
1833 923 1928 969 ſcio,
1958 936 2021 968 an,
2041 924 2146 976 quod
2164 927 2347 968 ſubtiliter

933 992 1013 1029 iure
1028 1001 1192 1029 romano
1213 990 1471 1043 diſtinguitur,
1506 1003 1634 1032 vtrum
1659 1006 1701 1031 ex
1720 1005 1756 1032 re
1779 1005 1825 1031 an
1855 995 2023 1046 occaſione
2044 995 2094 1034 rei
2117 997 2346 1046 proueniant

934 1070 971 1096 et
989 1060 1248 1110 percipiantur
1260 1058 1472 1108 fructus,
1433 1055 1470 1112 ad
1487 1060 1588 1101 hunc
1598 1072 1743 1103 textum
1758 1063 1849 1103 iuris
1864 1063 2022 1104 feodalis
2037 1063 2344 1107 transferendum

931 1130 986 1170 ſit.
1047 1127 1150 1180 Quin
1171 1129 1309 1182 potius,
1324 1143 1441 1182 quum
1462 1130 1600 1184 diſerte
1621 1134 1662 1172 in
1684 1143 1788 1174 textu
1816 1133 1946 1175 noſtro
1976 1137 2121 1175 omnium
2148 1136 2340 1177 fructuum

931 1200 1079 1241 mentio
1099 1199 1186 1247 fiat,
1211 1202 1498 1242 conuenientius
1519 1202 1616 1250 erit,
1646 1202 1721 1243 ſine
1743 1203 1839 1258 legis
1864 1204 2087 1247 auctoritate
2112 1219 2192 1247 non
2219 1206 2343 1249 diſtin-

930 1281 1061 1323 guere.
1117 1273 1234 1323 Sane,
1249 1275 1331 1325 quis
1347 1272 1530 1324 noſtrum,
1545 1276 1706 1326 quaeſo,
1723 1276 1788 1319 niſi
1810 1280 2075 1320 Romanorum
2091 1278 2225 1330 placita
2240 1291 2344 1319 com-

933 1353 1041 1389 perta
1058 1342 1259 1391 habuiſſet,
1284 1344 1346 1383 vel
1362 1341 1591 1384 ſomniando
1611 1346 1851 1393 cogitaturus
1860 1350 2004 1386 fuiſſet,
2023 1352 2138 1384 aliam
2149 1352 2342 1386 rationem

928 1402 1003 1439 eſſe
1022 1404 1164 1439 debere
1181 1404 1371 1438 fructuum
1391 1405 1558 1439 ciuilium
1574 1414 1689 1449 quam
1706 1403 1964 1445 naturalium?
1989 1405 2127 1457 Neque
2144 1402 2264 1459 ipſum
2282 1406 2339 1448 ius

930 1482 1135 1513 romanum
1152 1471 1303 1525 ſemper
1316 1472 1389 1513 hos
1397 1473 1540 1514 fructus
1553 1472 1704 1524 diuerſo
1719 1475 1801 1518 iure
1819 1473 2016 1518 diiudicari
2031 1478 2236 1530 praecepit.
2261 1480 2338 1520 De-

930 1545 1045 1596 nique
1061 1556 1097 1585 et
1111 1544 1190 1600 ipſa
1205 1545 1263 1586 illa
1278 1545 1444 1599 quaeſtio
1460 1547 1508 1588 de
1523 1547 1707 1591 fructibus
1721 1547 1806 1604 poſt
1820 1547 2034 1605 Auguſtum
2050 1550 2207 1591 demum
2227 1563 2333 1593 men-

927 1614 1005 1659 ſem
1026 1614 1363 1659 matureſcentibus
1376 1615 1520 1670 pendet
1532 1618 1578 1660 ab
1594 1619 1666 1660 hac
1678 1620 1860 1662 varietate
1875 1620 2079 1664 rationum.

1447 1812 1494 1870 §.
1545 1819 1805 1861 XXVII.

1106 1899 1228 1963 Quid
1248 1903 1358 1948 iuris
1367 1901 1430 1959 ſit
1456 1904 1567 1948 circa
1578 1904 1757 1962 fructus
1780 1903 1873 1964 poſt
1899 1903 2176 1964 Auguſtum

1443 1970 1806 2032 matureſcentes?

1042 2076 1100 2119 Ex
1118 2077 1189 2121 iis,
1218 2087 1314 2126 quae
1328 2077 1510 2118 hactenus
1530 2077 1831 2133 diſputauimus,
1850 2077 1934 2118 ſatis
1952 2089 2128 2133 apperet,
2148 2083 2240 2134 quid
2265 2073 2332 2135 ſta-

916 2141 1101 2182 tuendum
1120 2138 1338 2183 cenſeamus
1357 2141 1407 2182 de
1422 2140 1604 2185 fructibus
1629 2143 1713 2197 poſt
1735 2142 1947 2199 Auguſtum
1977 2149 2146 2188 menſem
2168 2150 2328 2188 demum

917 2213 1275 2265 matureſcentibus,
1300 2214 1327 2257 ſi
1342 2213 1499 2259 vaſallus
1515 2218 1611 2260 intra
1627 2216 1817 2261 Kalendas
1832 2219 1993 2263 Martias
2008 2233 2046 2262 et
2061 2221 2252 2262 Kalendas
2267 2223 2331 2262 Se-

913 2289 1111 2342 ptembres
1134 2299 1308 2331 mortuus
1332 2291 1375 2331 ſit
1403 2288 1481 2331 ſine
1508 2289 1620 2346 prole
1644 2289 1750 2334 feodi
1778 2306 1930 2347 capace.
1970 2294 2120 2336 Scilicet
2148 2302 2327 2350 putamus

914 2376 1017 2407 nos,
1040 2364 1124 2406 illos
1149 2365 1292 2407 fructus
1314 2367 1476 2407 omnino
1497 2368 1579 2407 iure
1601 2368 1707 2409 feodi
1722 2367 1799 2411 eſſe
1826 2368 2051 2416 habendos,
2075 2369 2239 2420 ideoque
2262 2372 2327 2413 vel

917 2433 1078 2481 domino
1094 2434 1215 2481 feodi,
1240 2433 1287 2474 ad
1310 2447 1425 2486 quem
1444 2433 1685 2484 deuoluitur,
1709 2437 1773 2476 vel
1793 2445 1935 2489 agnato
1961 2439 2001 2479 in
2025 2439 2183 2481 feodum
2204 2438 2327 2481 ſucce-

918 2494 1021 2536 denti
1044 2500 1160 2539 tribui
1190 2498 1344 2538 debere.
1422 2497 1530 2540 Licet
1553 2510 1650 2539 vero
1672 2514 1752 2539 non
1776 2505 2031 2552 ignoremus,
2068 2502 2115 2539 ab
2144 2505 2345 2544 omnibus

921 2564 1002 2605 fere
1017 2567 1236 2609 doctoribus
1253 2568 1489 2609 contrarium
1514 2567 1668 2617 doceri,
1691 2582 1811 2620 quare
1822 2571 2003 2611 facillimo
2013 2572 2146 2614 labore
2162 2577 2325 2623 longum

2190 2657 2322 2692 recen-

964 2745 1010 2782 a]
1039 2745 1073 2770 in
1103 2741 1274 2779 iurisprud.
1293 2738 1416 2778 forenſi
1440 2756 1707 2799 romano-ſaxon.
1721 2756 1759 2772 P.
1787 2756 1866 2775 III.
1895 2757 1996 2790 conſt.
2010 2761 2063 2784 32.
2086 2748 2147 2777 def.
2167 2750 2204 2784 9.
