2469 2853
647 586 711 616 Inde
742 594 850 623 quoque

651 632 709 677 eſt,
723 640 784 668 quod
805 640 848 656 or-

650 686 739 710 dinati
782 684 849 714 ægre

649 729 850 749 remoueantur.

984 586 1017 628 §.
1034 587 1121 620 XIII.
1149 584 1309 620 Adſcribo
1336 584 1433 617 etiam
1456 586 1572 620 merito
1590 585 1669 619 huic
1692 585 1866 621 characteri
1888 585 2078 629 indelebili,
2095 585 2188 633 quod

867 627 1011 678 epiſcopi
1029 641 1109 673 ægre
1134 630 1171 663 ad
1190 631 1411 665 remotionem
1437 630 1531 677 impii
1554 632 1687 678 paſtoris
1721 630 1944 676 adducantur,
1964 630 2115 677 ſcientes,
2138 646 2189 669 re-

868 689 997 717 motum
1016 678 1131 715 eodem
1150 681 1328 716 charactere
1351 679 1458 714 athuc
1471 681 1618 726 gaudere,
1638 683 1670 716 in
1690 681 1808 717 ordine
1828 682 2020 717 clericorum
2046 694 2186 725 manere,

868 733 1015 777 adeoque
1026 732 1058 764 in
1069 731 1209 767 dedecus
1220 732 1317 768 huius
1331 733 1455 767 ordinis
1468 735 1500 766 in
1521 733 1780 769 mendicantium
1793 733 1919 770 claſſem
1937 736 1979 769 ita
1995 735 2137 777 detrudi,
2151 736 2192 784 de

869 794 937 826 quo
948 783 1000 814 ſuo
1019 782 1095 813 loco
1109 782 1282 827 agendum.
1343 782 1502 818 Noſtrum
1519 784 1561 817 eſt
1581 782 1663 824 ſane,
1673 794 1867 830 præcauere,
1879 796 1918 818 ne
1937 784 1969 817 in
1990 784 2187 822 conſiſtoriis

867 833 934 866 hæc
954 831 1122 866 concluſio
1139 839 1268 877 regnet,
1281 843 1355 865 cum
1374 833 1485 878 potius
1505 832 1584 867 ſalus
1602 834 1737 869 eccleſiæ
1754 834 1899 882 ſuprema
1916 834 1967 869 lex
1984 834 2042 871 eſſe
2063 836 2188 871 debeat.

866 885 954 917 Paria
969 884 1148 921 cenſentur,
1159 882 1324 917 eccleſiam
1336 896 1403 916 non
1418 881 1532 916 habere
1549 883 1718 929 paſtorem,
1729 887 1761 920 &
1772 885 1885 919 habere
1898 885 2061 928 inutilem,
2071 899 2095 919 c.
2106 897 2133 921 2.
2144 888 2187 924 X.

865 935 903 967 de
914 935 1056 965 translat.
1067 934 1180 982 epiſcop
1204 933 1351 978 adeoque
1370 935 1480 979 potius
1492 933 1583 968 ſaluti
1600 936 1734 971 eccleſiæ
1751 935 2010 981 inuigilandum,
2020 946 2104 986 quam
2125 938 2189 971 im-

863 987 925 1027 piis
942 984 1120 1028 paſtoribus
1137 983 1399 1023 conniuendum,
1412 984 1470 1028 qui
1485 995 1554 1017 non
1569 984 1628 1019 alia
1639 985 1710 1020 ſunt
1726 980 1919 1021 conditione
1940 986 2075 1027 admiſli,
2087 998 2187 1033 quam

865 1044 901 1067 vt
914 1035 1076 1076 exemplar
1099 1034 1204 1077 gregis
1220 1035 1311 1070 fiant.
1372 1038 1456 1082 Quæ
1476 1034 1689 1080 vtplurimum
1705 1037 1863 1083 præmitti
1878 1037 1975 1072 ſolent
1993 1036 2188 1087 ſuſpenſiones

866 1086 915 1116 vel
928 1083 1193 1117 translocationes,
1210 1080 1311 1126 magis
1335 1080 1497 1116 eccleſiam
1516 1091 1595 1126 quam
1620 1081 1751 1126 impium
1774 1087 1932 1129 paſtorem
1951 1091 2105 1127 puniunt,
2118 1098 2189 1130 quæ

865 1142 973 1167 tamen
987 1132 1051 1167 fere
1064 1133 1156 1166 vnice
1167 1144 1204 1167 ex
1215 1135 1279 1167 hoc
1291 1132 1465 1180 principio,
1476 1147 1507 1166 ne
1513 1134 1615 1179 facile
1624 1135 1725 1170 clerici
1749 1146 1971 1178 remoueantur,
1983 1138 2096 1184 fluunt,
2109 1150 2188 1182 pro-

865 1193 900 1217 ut
911 1184 1000 1230 ſupra
1011 1186 1061 1217 tit.
1073 1183 1110 1216 de
1125 1182 1329 1220 translatione
1344 1185 1408 1220 iam
1418 1185 1543 1221 dictum
1555 1185 1608 1220 eſt.

1366 1352 1489 1407 TIT.
1527 1346 1683 1408 XVII.

1493 1445 1557 1469 DE

867 1501 1158 1568 FILIIS
1258 1503 2188 1567 PRESBYTERORVM

1101 1597 1512 1645 ORDINANDIS
1589 1599 1715 1643 VEL
1788 1598 1956 1644 NON.

1490 1642 1523 1709 §.
1555 1669 1580 1700 I.

650 1756 780 1790 Defectus
800 1762 848 1783 na-

647 1799 745 1835 talium
763 1793 848 1816 impe-

650 1839 689 1859 dit
706 1835 738 1856 de
765 1834 821 1855 iure

650 1878 790 1919 pontificio

649 1925 801 1956 ordinatio-

652 1978 724 1997 nem.

869 1732 913 1812 I

913 1732 951 1768 N
965 1725 1019 1766 hoc
1034 1729 1066 1761 &
1073 1725 1163 1773 ſeqq.
1176 1727 1279 1761 titulis
1296 1728 1404 1767 agitur
1420 1727 1459 1761 de
1477 1727 1719 1774 irregularitate,
1730 1738 1800 1775 quæ
1819 1727 2045 1764 ordinationem
2055 1731 2104 1766 vel
2122 1733 2186 1766 im-

929 1775 1019 1818 pedit
1035 1774 1072 1801 ab
1090 1774 1198 1808 initio,
1216 1774 1262 1820 vel
1279 1770 1373 1818 facit,
1385 1778 1420 1812 vt
1431 1771 1573 1801 ordinati
1592 1770 1704 1801 officio
1725 1776 1935 1803 eccleſiaſtico
1953 1781 2049 1815 fungi
2066 1784 2186 1815 ampli-

867 1838 902 1859 us
918 1832 1091 1871 nequeant.
1150 1828 1254 1862 Prima
1274 1827 1519 1875 irregularitatis
1540 1826 1657 1874 ſpecies
1672 1827 1849 1864 deſumitur
1871 1842 1908 1864 ex
1926 1833 2055 1865 defectu
2068 1834 2185 1864 natali-

863 1890 934 1917 um,
952 1877 1092 1923 quorſum
1117 1877 1214 1911 etiam
1232 1877 1360 1925 reſpicit
1375 1887 1471 1913 tenor
1486 1878 1617 1912 rubricæ
1633 1880 1839 1925 quorundam
1859 1892 2016 1924 codicum
2035 1886 2183 1917 MSCto-

859 1939 956 1972 rum,
977 1931 1021 1959 ita
1042 1927 1072 1960 ſe
1088 1927 1254 1962 habentis:
1282 1926 1319 1960 de
1330 1927 1406 1970 filiis
1417 1925 1663 1973 presbyterorum
1689 1929 1703 1965 &
1731 1929 1802 1965 aliis
1821 1934 1976 1974 illegitime
1992 1938 2074 1962 natis
2093 1936 2184 1963 ordi-

857 1982 969 2013 nandis
992 1979 1040 2009 vel
1054 1988 1131 2018 non,
1151 1988 1252 2023 quum
1273 1978 1370 2012 etiam
1390 1977 1428 2011 de
1447 1976 1494 2012 his
1511 1978 1616 2026 plures
1643 1985 1746 2013 textus
1763 1983 1860 2015 huius
1878 1985 1966 2013 tituli
1984 1994 2091 2027 agant.
2116 1985 2185 2016 vid.

858 2042 885 2067 c.
901 2040 962 2072 1.2.
974 2038 1019 2082 14.
1032 2037 1067 2082 I5.
1086 2029 1115 2079 16.
1129 2039 1174 2070 18.
1189 2039 1223 2068 X.
1250 2034 1270 2068 h.
1293 2025 1343 2079 t.
1360 2033 1533 2070 Defectum
1564 2034 1652 2068 hunc
1680 2029 1846 2081 ignorauit
1874 2037 2005 2081 priſtina
2032 2038 2189 2077 eccleſia,

858 2087 936 2126 quia
957 2090 1060 2125 patres
1077 2079 1267 2123 cenſebant,
1287 2080 1437 2128 iniquum
1455 2078 1533 2125 eſſe,
1554 2081 1596 2116 ob
1615 2083 1890 2118 incontinentiam
1912 2096 2047 2131 patrum
2060 2090 2183 2119 liberos

859 2137 975 2176 punire
1002 2142 1056 2177 per
1082 2130 1302 2167 excluſionem
1335 2132 1372 2166 ab
1409 2131 1525 2168 officiis
1564 2133 1794 2176 eccleſiaſticis,
1831 2134 1989 2180 quorum
2009 2139 2182 2169 ſententias

859 2189 993 2232 collegit
1020 2194 1262 2221 GRATIANVS
1285 2185 1357 2220 dist.
1374 2188 1425 2229 56.
1443 2187 1558 2231 Naſci,
1585 2188 1628 2221 ait
1650 2198 1932 2222 HIERONYMVS
1962 2191 1994 2221 in
2015 2192 2183 2233 cap.
2103 2192 2135 2238 4.
2151 2192 2185 2238 D.

860 2245 931 2276 56.,
948 2241 986 2266 de
1008 2237 1169 2268 adulterio
1194 2246 1252 2268 non
1276 2232 1319 2281 eſt
1333 2235 1394 2267 eius
1412 2229 1515 2278 culpa,
1534 2234 1587 2279 qui
1610 2238 1765 2280 naſcitur,
1779 2240 1839 2281 ſed
1856 2239 1956 2275 illus,
1968 2241 2023 2281 qui
2044 2248 2183 2281 generat.

852 2289 1022 2318 Prouocat
1044 2296 1191 2331 præterea
1211 2286 1250 2318 ad
1272 2281 1458 2328 exemplum
1485 2294 1641 2325 IEPHTAE,
1664 2289 1721 2330 qui
1747 2294 1830 2320 inter
1861 2291 1949 2320 viros
1968 2292 2093 2321 ſanctos
2118 2301 2181 2320 nu-

861 2348 1014 2377 meratur,
1028 2347 1100 2386 vtut
1118 2339 1281 2379 meretricis
1302 2337 1399 2372 fuerit
1414 2337 1508 2373 filius.
1563 2341 1598 2373 In
1598 2344 1633 2373 c.
1647 2346 1675 2377 8.
1697 2340 1753 2388 eod.
1766 2342 1802 2376 ad
1816 2342 1935 2376 Chriſti
1958 2342 2053 2388 ipſius
2072 2353 2182 2377 exem-

861 2390 953 2433 plum
970 2395 1152 2433 prouocat,
1167 2392 1200 2425 &
1218 2390 1295 2426 inde
1320 2386 1436 2424 infert:
1464 2390 1562 2425 Sicuti
1581 2390 1628 2425 ille
1644 2392 1681 2437 eſt
1702 2402 1787 2425 verus
1803 2392 1951 2438 pontifex
1969 2402 2007 2424 ex
2026 2393 2181 2428 adulteri-
