1674 2522
337 412 560 451 poſitiuarum
560 412 808 451 uniuerſalium.

929 411 1010 448 103

146 490 277 543 absque
285 491 474 532 ſufficiente
481 489 615 528 ratione
624 491 794 538 dimiſſam,
817 499 905 540 quae
913 498 1011 525 nem-

146 555 192 593 pe
209 543 317 584 fidem
336 542 559 593 coniugalem
574 555 650 581 non
668 544 824 587 violauit,
850 547 907 592 qui
925 541 1012 576 duxe-

143 599 211 638 rit,
234 596 422 633 moechatur.
479 594 553 631 Hae
570 593 809 633 concluſiones
824 599 938 641 aperte
959 591 1012 626 in-

146 645 275 695 dicant,
299 646 488 691 Chriſtum,
510 641 759 693 impoſiturum
769 647 839 691 legi
858 645 1015 682 moſaicae

147 696 277 742 finem,
305 702 444 733 tantum
460 690 631 743 principia
648 696 791 732 moralia
804 697 841 732 &
856 698 939 731 iuris
954 705 1014 730 na-

147 750 264 788 turalis
291 747 546 792 concluſiones,
580 745 730 785 minime
755 752 873 783 autem
899 751 1015 795 legem

146 798 379 841 vniuerſalem
393 796 604 850 poſitiuam,
629 797 674 836 ob
690 799 810 835 oculos
823 797 993 838 habuiſſe.

455 881 489 924 §.
538 883 704 916 XXXVI.

197 954 326 1005 Neque
335 951 376 991 iis
383 949 666 993 ſubſcribendum
676 949 736 994 eſt,
758 950 820 1002 qui
829 948 1015 993 ſomniant,

146 1002 264 1051 legem
279 1000 467 1041 moſaicam
481 1003 614 1038 Deuter.
628 1003 739 1040 XXIV.
752 1014 773 1036 1.
783 1008 927 1050 quoque
938 1009 1017 1048 ποϱ-

150 1055 231 1090 νείαν
247 1064 311 1101 pro
322 1050 555 1089 fundamento
571 1049 611 1088 in
627 1049 669 1089 τò
758 1060 850 1092 ץרזח
681 1061 744 1090 דנר
868 1048 1020 1100 habere;

149 1104 236 1141 haec
258 1101 356 1140 enim
380 1101 501 1153 opinio
525 1100 554 1140 ſi
569 1114 651 1141 vero
668 1099 874 1139 inniteretur
893 1101 1019 1139 funda-

148 1162 293 1204 mento,
316 1157 414 1196 nulla
427 1156 469 1195 in
484 1153 562 1208 lege
568 1151 715 1193 moſaica
724 1158 865 1205 propter
874 1153 1019 1192 Iudaeo-

151 1218 233 1245 rum
258 1200 510 1259 σϰληροϰαρδίαν
530 1202 845 1258 deprehenderetur
862 1206 1020 1255 exceptio

150 1271 170 1296 a
191 1261 326 1310 regula,
355 1273 420 1299 nec
437 1261 581 1299 Maleaci
599 1259 723 1300 verba,
747 1257 845 1296 iuxta
864 1260 1020 1296 noſtram

151 1309 433 1360 explicationem,
454 1304 503 1345 ab
517 1308 681 1347 omnibus
689 1307 938 1347 detorſionibus
948 1311 1022 1360 im-

150 1373 312 1407 munem,
336 1365 370 1399 &
380 1373 461 1401 cum
472 1360 755 1401 antecedentibus
765 1365 798 1400 &
807 1357 1019 1411 conſequen-

141 1412 239 1452 tibus
256 1411 390 1462 optime
399 1411 655 1457 cohaerentem,
676 1409 874 1460 praecipere
888 1411 1021 1461 potuis-

150 1469 226 1507 ſent
240 1468 286 1507 ob
307 1468 419 1506 ſolum
435 1464 578 1511 odium,
601 1463 647 1503 ad
663 1456 872 1504 euitandum
889 1462 1020 1515 grande

149 1515 276 1560 ſcelus,
297 1524 445 1554 vxorem
458 1512 641 1554 dimittere.

470 1603 501 1654 §.
556 1600 708 1649 XXVII.

201 1674 260 1713 Ex
278 1672 334 1713 his
358 1668 524 1711 omnibus
540 1680 639 1721 ergo,
664 1680 756 1719 quae
770 1668 878 1710 fuſius
894 1676 1019 1719 propo-

150 1712 271 1759 nenda
285 1720 447 1767 fuerunt,
474 1715 631 1776 legitime
645 1716 884 1769 conſequitur,
921 1718 965 1762 1)
981 1719 1019 1753 vt

151 1769 312 1809 Adamus
325 1770 444 1811 legem
455 1768 646 1819 poſitiuam
658 1768 888 1807 vniuerſalem
900 1777 975 1803 non
983 1778 1020 1804 e-

152 1823 297 1872 dixerit,
317 1814 383 1863 ſed
392 1822 562 1875 principia
571 1820 656 1860 iuris
662 1823 825 1860 naturalis
833 1818 1020 1869 propoſue-

153 1875 218 1921 rit;
244 1885 292 1924 2)
308 1876 408 1915 vtlex
416 1873 575 1926 poſitiua,
602 1871 630 1925 ſi
648 1873 702 1925 vel
695 1871 859 1915 maxime,
873 1870 911 1908 id
920 1871 1020 1921 quod

154 1931 275 1965 tamen
290 1925 336 1964 ad
349 1927 463 1963 rauim
476 1935 588 1974 vsque
594 1923 800 1975 negandum
808 1920 876 1967 eſt,
900 1922 940 1961 in
946 1935 1021 1961 ver-

155 1975 210 2016 bis
219 1969 348 2015 Adami
356 1974 484 2018 lateret,
501 1980 654 2013 attamen
663 1971 860 2010 vniuerſalis
869 1972 934 2011 eſſe
943 1984 1021 2011 non

156 2031 279 2080 poſſit,
301 2028 386 2081 quia
399 2043 419 2067 a
437 2028 528 2069 ſtatu
543 2027 745 2080 integritatis
759 2027 803 2066 ad
812 2027 940 2068 ſtatum
948 2040 1022 2068 cor-

152 2086 303 2131 ruptum
317 2093 396 2128 non
402 2080 502 2129 valet
512 2075 777 2130 conſequentla;
798 2077 849 2130 3)
862 2085 902 2121 vt
917 2079 1021 2119 Chri-

965 2137 1020 2178 ſti
