3151 4425
775 531 1054 576 GINDAM,
1075 537 1157 579 quæ
1171 525 1287 567 fuerit
1302 524 1488 566 Abbatiſſa
1504 522 1726 565 Monaſterii

779 588 812 627 S.
819 586 925 636 Juliæ
937 583 1072 626 Brixiæ
1087 581 1253 623 ſimiliter
1276 590 1383 630 atque
1405 577 1596 630 Antiperga
1619 574 1730 626 ſupe-

777 635 856 677 rius
879 633 1076 676 nominata
1096 634 1134 673 &
1153 633 1280 673 laudat
1306 631 1355 669 de
1384 627 1462 683 ipſa
1497 627 1730 669 Calzolarium

779 692 864 744 Hiſt.
887 688 988 742 Breſſ.
1010 701 1045 743 p.
1061 696 1130 733 282.
1159 687 1225 727 ſed
1245 699 1334 727 cum
1355 685 1397 725 in
1419 684 1528 725 nullo
1550 682 1730 723 hactenus

778 739 965 793 ſcriptore
979 738 1056 779 fide
1070 737 1190 787 digno
1208 745 1270 775 aut
1283 742 1543 775 monumento
1550 731 1594 771 ſit
1603 742 1732 774 reper-

781 804 834 840 ta,
855 805 901 834 aut
922 784 994 840 filia
1017 781 1182 837 Deſiderii
1199 788 1396 842 appellata,
1407 780 1442 834 de
1458 785 1555 834 illius
1571 774 1733 826 exiſten-

782 845 834 888 tia
856 840 1000 894 dubito,
1019 843 1130 888 donec
1154 842 1267 882 talem
1283 840 1389 884 fuiſſe
1406 836 1633 880 certioribus
1640 847 1734 888 pro-

781 894 1000 940 bationibus
1012 890 1304 935 demonſtretur.

788 1715 932 1760 Videat
942 1707 1061 1757 igitur
1080 1709 1153 1761 jam
1170 1703 1429 1753 Caſtilionæus
1445 1712 1494 1748 an
1510 1698 1761 1748 fundamen-

790 1782 836 1811 to
849 1769 934 1809 ſatis
946 1761 1060 1809 firmo
1081 1766 1165 1806 hæc
1182 1763 1260 1811 ejus
1281 1763 1395 1803 verba
1408 1762 1598 1802 nitantur:
1625 1763 1707 1802 Non
1721 1755 1748 1801 è

790 1830 873 1857 vero
887 1814 937 1856 ciò
950 1814 1009 1854 che
1021 1816 1119 1854 molti
1131 1814 1192 1852 del
1200 1812 1301 1863 vulgo
1308 1810 1385 1848 han
1400 1809 1538 1848 creduto
1553 1815 1573 1845 e
1588 1807 1756 1852 credono,

790 1868 851 1911 che
872 1876 932 1909 con
951 1864 1107 1917 Adalgiſo
1128 1859 1193 1916 (il
1199 1859 1305 1916 quale
1318 1860 1432 1913 ſenza
1444 1860 1542 1902 dubio
1556 1873 1623 1899 non
1637 1855 1746 1910 preſe

790 1927 945 1982 moglie)
952 1924 1043 1983 foſſe
1056 1925 1164 1979 finita
1185 1925 1224 1966 la
1230 1923 1344 1980 ſtirpe
1358 1922 1398 1965 di
1409 1919 1597 1977 Deſiderio.
1648 1917 1742 1963 Anzi

1854 529 1902 568 X.
1927 525 2009 576 Ego
2021 528 2156 577 autem,
2181 533 2249 572 quæ
2265 520 2444 564 hactenus
2469 518 2567 566 dixi,
2580 516 2768 559 teſtimo-

1798 587 1871 629 niis
1887 586 2116 640 ſcriptorum
2133 583 2170 625 &
2183 591 2530 624 monumentorum
2540 577 2764 621 certiſſimis

1799 649 1959 706 probata
1982 648 2101 698 dedi;
2133 646 2238 688 unde
2262 646 2334 697 jam
2351 645 2483 685 omnia
2499 642 2696 687 contraho
2713 640 2755 680 in

1801 710 2002 759 ſummam,
2024 708 2061 750 &
2082 721 2193 762 æquo
2210 705 2342 748 lectori
2363 706 2523 759 ſequens
2546 703 2756 756 genuinum

1804 776 1990 818 Deſiderii
1999 774 2111 826 Regis
2120 773 2309 812 Stemma,
2318 775 2354 806 at
2364 778 2549 819 quantum
2558 767 2696 810 diſtans
2710 765 2758 806 ab

1803 841 1873 883 illo
1891 839 2136 884 diffuſiſſimo!
2167 832 2210 890 ob
2223 833 2354 878 oculos
2363 844 2491 886 pono:

1807 1698 1913 1748 hebbe
1926 1696 2015 1745 altri
2023 1696 2186 1756 figliouli.
2237 1685 2379 1744 Videat
2393 1696 2547 1742 Illuſtris
2567 1696 2762 1743 Imhofius,

1809 1774 1861 1806 an
1868 1761 2191 1818 Genealogiarum
2199 1753 2348 1803 ſuarum
2355 1759 2571 1810 Italicarum
2580 1758 2618 1798 &
2624 1758 2786 1811 Hiſpa-

1809 1805 1976 1861 nicarum
2002 1804 2120 1861 primæ
2145 1808 2262 1859 parti,
2255 1805 2462 1852 Stemmatis
2469 1806 2687 1857 Deſideriani
2701 1809 2811 1847 in-

1808 1860 1964 1920 ſcriptio
1976 1859 2170 1916 congruat.
