2679 2933
943 943 1032 975 Cauſa
1044 941 1169 975 vtilitatis

943 986 1111 1026 explicatur.

952 1549 1026 1583 Iuſta
1039 1549 1116 1579 cauſa

952 1603 1003 1632 præ
1017 1591 1128 1620 ſumitur
1141 1597 1177 1620 ex

952 1635 1080 1665 adhibitis
1090 1632 1178 1662 ſolen-

952 1679 1097 1711 nitatibus.

953 1851 996 1878 Ex
1008 1845 1178 1885 antiquiſſi‧

955 1894 1002 1913 ma
1017 1881 1178 1921 poſſeſſione

952 1931 992 1959 rei
1002 1928 1073 1957 olim
1090 1925 1157 1958 alie-

953 1982 1039 2009 natæ.

1181 536 1264 562 rare,
1275 524 1427 554 hominem
1439 531 1510 553 vero
1520 520 1565 551 ad
1570 517 1739 563 imaginem
1750 517 1811 552 Dei
1819 524 1955 551 creatum
1966 517 2002 552 &
2006 515 2138 559 pretioſo
2146 515 2298 558 ſanguine
2308 513 2426 557 Chriſti
2426 513 2476 552 re-

1181 579 1320 609 demtum
1331 569 1532 605 mendicitate
1548 569 1585 604 &
1592 569 1699 604 inedia
1708 568 1823 611 perire.
1878 568 2005 603 Pariter
2016 568 2049 601 in
2060 559 2134 601 actis
2133 564 2271 612 ſanctor.
2285 563 2372 610 apud
2386 569 2477 603 BOL-

1183 634 1365 662 LANDVM
1387 624 1409 659 d.
1422 635 1445 659 l.
1459 624 1528 660 lan.
1543 623 1576 655 in
1590 621 1659 657 vita
1672 626 1701 656 S.
1715 621 1853 657 Odilonis
1863 620 1937 659 abb.
1954 619 2092 653 Cluniac.
2111 625 2144 659 p.
2155 622 2205 656 68.
2222 623 2255 656 §.
2265 620 2316 651 26.
2335 617 2415 651 circa
2424 624 2482 653 an-

1177 686 1259 709 num
1271 684 1357 715 1409.
1376 673 1443 709 hæc
1455 674 1652 713 traduntur:
1685 672 1754 707 Tali
1764 681 1836 707 tunc
1844 678 1987 714 temporis
1998 680 2035 703 ac
2044 669 2184 711 deinceps
2191 677 2247 712 per
2255 669 2368 703 multos
2378 673 2482 702 annos,

1183 726 1378 764 incumbente
1392 721 1537 763 miſeria,
1548 722 1581 751 in
1595 724 1663 762 vſus
1670 728 1843 758 pauperum
1853 717 2006 759 confregit
2011 717 2151 756 plurima
2160 714 2235 757 vaſa
2243 710 2438 758 eccleſiaſtica
2446 707 2481 744 &

1186 785 1370 812 ornamenta
1382 774 1520 822 inſignia,
1532 776 1607 808 inter
1616 785 1680 819 quæ
1689 774 1784 808 etiam
1796 772 1991 817 imperialem
1991 771 2121 815 Henrici
2129 769 2322 813 imperatoris
2332 775 2481 806 coronam,

1188 826 1353 869 indignum
1369 827 1510 858 iudicans
1518 825 1597 858 talia
1607 829 1757 867 denegare
1763 821 1951 866 pauperibus
1960 820 2092 865 Chriſti,
2115 827 2174 860 pro
2192 817 2299 863 quibus
2314 814 2424 866 effuſus
2442 809 2479 856 eſt

1179 885 1311 935 ſanguis
1322 888 1448 930 Chriſti.

1318 932 1351 971 §.
1376 929 1506 959 XXXll.
1562 926 1741 955 Vtilitatem
1757 927 1827 954 fere
1839 926 1936 953 vnice
1945 925 2102 951 æſtimant
2117 932 2160 950 ex
2172 918 2387 952 vberioribus
2398 906 2482 948 redi-

1192 983 1289 1025 tibus,
1305 988 1362 1029 qui
1374 994 1416 1018 ex
1429 982 1628 1017 alienatione
1639 983 1671 1016 in
1686 980 1856 1017 eccleſiam
1868 980 2055 1015 redundare
2072 977 2224 1024 poſſunt,
2243 977 2295 1011 vel
2312 988 2353 1012 ex
2364 980 2481 1020 magno

1190 1035 1426 1074 incommodo,
1435 1032 1530 1078 quod
1541 1032 1676 1070 eccleſia
1688 1034 1767 1067 inde
1781 1031 1936 1074 ſuſtinet,
1949 1029 2058 1065 forſan
2067 1029 2088 1064 ſi
2100 1032 2133 1063 in
2148 1027 2292 1074 ſingulos
2302 1038 2405 1062 annos
2416 1025 2485 1072 plus

1189 1086 1261 1121 fere
1272 1085 1533 1130 expendendum
1551 1084 1590 1128 in
1590 1082 1859 1127 reporationem,
1876 1090 1977 1125 quam
1992 1090 2034 1114 ex
2045 1077 2282 1114 emolumentis
2294 1077 2488 1124 accipiatur;

1187 1148 1213 1167 c.
1229 1144 1277 1169 20.
1291 1139 1322 1166 C.
1332 1144 1374 1169 12.
1391 1146 1420 1175 q.
1433 1146 1461 1163 2.
1477 1135 1498 1165 ũ
1510 1135 1627 1177 prædia
1639 1134 1711 1167 ſunt
1734 1133 1831 1164 nimis
1845 1138 1991 1169 remota,
2019 1132 2047 1162 &
2059 1137 2131 1173 quæ
2142 1137 2208 1161 non
2220 1125 2285 1159 ſine
2294 1134 2417 1171 magno
2435 1123 2487 1157 in-

1190 1193 1380 1226 commodo
1396 1194 1424 1223 &
1439 1187 1599 1224 ſumtibus
1607 1186 1718 1223 excoli
1729 1195 1879 1230 queunt,
1894 1194 2080 1222 WIESTNER.
2096 1184 2149 1218 cit.
2158 1191 2200 1220 tr.
2216 1185 2250 1221 P.
2261 1192 2288 1213 2.
2299 1185 2397 1227 art.1.
2413 1186 2441 1212 12.
2448 1184 2489 1218 13.

1190 1239 1212 1272 ſi
1224 1239 1366 1283 pretium
1380 1238 1457 1271 inde
1467 1237 1633 1272 redactum
1645 1237 1676 1268 in
1689 1234 1883 1276 ſingularem
1894 1233 2036 1267 eccleſiæ
2045 1233 2221 1266 vtilitatem
2233 1230 2362 1266 verſum
2373 1229 2418 1265 eſt
2428 1232 2488 1263 &c.

1190 1294 1259 1329 Res
1268 1294 1301 1324 in
1316 1286 1393 1338 theſi
1406 1289 1606 1333 vtplurimum
1633 1287 1812 1331 expedita,
1825 1286 1881 1321 ſed
1898 1287 1932 1320 in
1942 1283 2096 1329 hypotheſi
2106 1285 2209 1329 magis
2219 1282 2391 1325 inuoluta,
2412 1288 2487 1317 cum

1193 1339 1413 1384 vtplurimum
1425 1337 1496 1382 poſt
1508 1336 1698 1380 longiorem
1710 1337 1872 1381 temporis
1888 1336 2026 1371 tractum
2042 1337 2075 1370 in
2087 1331 2226 1369 dubium
2245 1333 2360 1368 vocari
2370 1331 2488 1369 ſoleat,

1195 1402 1235 1424 an
1250 1400 1409 1434 tempore
1425 1388 1632 1424 alienationis
1646 1385 1725 1432 iuſta
1745 1385 1890 1423 adſuerit
1911 1385 2034 1429 cauſa?
2069 1395 2140 1432 quæ
2161 1382 2329 1420 manifeſta
2351 1381 2487 1430 quidem

1196 1443 1261 1478 fuit
1274 1450 1430 1487 tempore
1438 1436 1657 1482 alienationis,
1660 1433 1715 1487 ſed
1727 1435 1903 1475 obſcurior
1910 1435 1990 1473 facta
2001 1445 2062 1482 per
2075 1434 2286 1481 vetuſtatem,
2298 1440 2360 1484 qua
2361 1439 2489 1472 memo-

1196 1497 1243 1529 ria
1259 1495 1306 1529 rei
1322 1494 1415 1530 geſtæ
1429 1492 1524 1529 facile
1537 1492 1647 1529 perire
1664 1491 1790 1529 potuit.

1331 1545 1358 1591 §.
1386 1546 1532 1586 XXXIII.
1585 1541 1775 1579 Præſumtio
1787 1551 1897 1576 tamen
1914 1548 2035 1586 vrgens
2045 1549 2109 1585 pro
2119 1550 2156 1573 ea
2167 1538 2297 1581 militat,
2309 1536 2361 1586 (I)
2377 1537 2397 1572 ſi
2411 1546 2487 1574 con-

1197 1595 1273 1638 ſtat,
1297 1593 1397 1629 cauſæ
1413 1590 1646 1638 cognitionem
1661 1600 1841 1637 ceteraque
1856 1589 2001 1626 ſolennia
2012 1589 2237 1628 interueniſſe.
2303 1589 2386 1624 Ideo
2400 1586 2489 1624 enim

1199 1648 1267 1684 hæc
1281 1645 1529 1686 deſiderantur,
1549 1645 1605 1679 hic
1617 1654 1735 1680 eorum
1745 1643 1819 1679 finis
1830 1642 1891 1684 eſt,
1919 1652 1956 1678 vt
1964 1654 2023 1687 per
2034 1640 2084 1677 illa
2095 1643 2136 1675 de
2153 1640 2232 1684 iuſta
2241 1638 2332 1685 cauſa
2343 1640 2491 1676 conſtare

1201 1699 1313 1745 poſſit.
1339 1708 1610 1740 HARPRECHT.
1625 1693 1762 1742 reſp.57.
1774 1706 1806 1732 n.
1824 1706 1890 1735 292.
1956 1695 2104 1731 Proinde
2120 1693 2140 1728 ſi
2157 1693 2291 1729 aliunde
2312 1692 2384 1729 ſatis
2397 1695 2439 1728 de
2453 1698 2489 1726 ea

1204 1750 1342 1790 conſtat,
1354 1761 1394 1784 ne
1405 1747 1541 1794 quidem
1551 1746 1695 1782 ſolennia
1706 1746 1778 1782 ſunt
1790 1745 1978 1791 neceſſaria,
1997 1751 2053 1794 quæ
2065 1754 2133 1777 non
2143 1752 2284 1788 propter
2293 1741 2334 1783 ſe,
2348 1742 2402 1778 ſed
2418 1748 2493 1788 pro-

1207 1812 1283 1847 pter
1298 1801 1385 1835 aliud
1396 1800 1625 1846 requiruntur.
1642 1808 1839 1834 MENOCH.
1854 1799 1891 1830 de
1906 1799 1944 1832 A.
1957 1799 1983 1832 I.
2010 1794 2043 1846 Q.
2052 1792 2115 1840 caſ.
2132 1805 2153 1828 I.
2164 1805 2195 1831 n.
2228 1796 2267 1840 4.
2278 1800 2491 1830 HARPRECHT.

1204 1854 1258 1890 cit.
1285 1848 1321 1901 l.
1343 1853 1415 1899 (II)
1429 1854 1462 1887 Si
1472 1852 1547 1898 quis
1557 1847 1585 1897 in
1602 1848 1814 1894 antiquiſſima
1829 1850 1876 1883 rei
1889 1848 2127 1889 eccleſiaſticæ,
2142 1846 2223 1882 olim
2234 1844 2397 1886 alienatæ,
2421 1852 2489 1886 pos-

1197 1896 1320 1936 ſeſſione
1335 1899 1389 1929 ſit,
1414 1906 1489 1924 cum
1507 1896 1703 1935 regulariter
1717 1903 1760 1923 ex
1772 1893 1921 1931 vetuſtate
1936 1894 2051 1934 ingens
2066 1891 2253 1930 præſumtio
2266 1898 2327 1929 pro
2342 1884 2491 1932 poſſeſſo-

1203 1964 1238 1986 re
1249 1951 1392 1988 militet,
1427 1951 1521 1993 quod
1541 1950 1593 1984 vel
1607 1950 1689 1985 recta
1703 1948 1786 1983 ratio
1804 1946 1959 1993 poſtulat.
2035 1948 2109 1982 Nec
2124 1945 2308 1980 audiendus
2325 1950 2490 1978 HONDE-

1202 2013 1335 2038 DAEVS
1349 2005 1391 2040 II.
1400 1999 1555 2044 conſult.
1540 2000 1587 2049 80.
1595 2010 1630 2034 n.
1642 2008 1699 2039 24.
1724 1999 1993 2042 præſumtionem
2011 1996 2098 2030 hanc
2108 1996 2213 2040 magis
2219 1993 2285 2044 iuri
2297 1993 2381 2039 ciuili
2394 2000 2493 2040 quam

1201 2048 1345 2085 canonico
1359 2048 1570 2084 conformem
1588 2047 1661 2095 eſſe,
1678 2049 1750 2090 quod
1774 2049 1864 2081 valde
1881 2048 2019 2080 ieiunum
2038 2047 2097 2082 eſt.
2150 2047 2273 2087 Neque
2283 2043 2371 2076 enim
2384 2043 2433 2076 ius
2442 2048 2491 2074 ca-

1200 2102 1363 2136 nonicum
1378 2101 1434 2135 hic
1449 2100 1568 2133 rectam
1579 2099 1746 2132 rationem,
1777 2107 1822 2131 ex
1831 2106 1895 2138 qua
1904 2095 2136 2141 præſumtiones
2151 2094 2277 2136 fluunt,
2292 2093 2411 2129 eiurari
2424 2095 2491 2127 ius-

1202 2154 1250 2191 ſit.
1306 2152 1530 2197 Interpretes,
1546 2150 1605 2194 qui
1620 2149 1733 2190 clero,
1749 2150 1872 2193 quæuis
1881 2149 1920 2183 ad
1929 2147 1961 2183 ſe
1976 2146 2134 2189 trahenti,
2149 2144 2283 2185 fauent,
2298 2145 2373 2180 talia
2385 2143 2490 2181 ſuauia

1201 2205 1334 2249 fingunt
1351 2199 1501 2241 ſomnia,
1539 2198 1655 2234 litibus
1669 2197 1899 2245 propullandis
1926 2198 2169 2237 accommoda,
2213 2207 2229 2231 a
2248 2196 2373 2231 iuſtitiæ
2399 2191 2490 2232 curſu

1201 2254 1383 2290 deuiantia.
1437 2252 1565 2287 Pariter
1578 2248 1733 2285 aſſenſum
1749 2259 1816 2283 non
1828 2256 2021 2288 merentur,
2056 2249 2116 2292 qui
2129 2246 2278 2294 vetuſtati
2295 2247 2403 2282 nullam
2423 2245 2488 2279 vim

1201 2309 1356 2342 tribuunt
1371 2302 1487 2349 quoad
1504 2299 1628 2347 cauſam
1643 2299 1780 2345 iuſtam,
1808 2307 1951 2344 eamque
1965 2303 2062 2334 vnice
2079 2302 2212 2344 operari
2229 2296 2491 2342 præſumtionem

1202 2359 1346 2394 credunt
1369 2356 1483 2405 quoad
1498 2357 1726 2391 interuentum
1744 2353 1942 2394 ſolennium.
1977 2362 2086 2392 GAIL.
2110 2354 2152 2389 II.
2176 2349 2242 2396 obſ.
2259 2360 2302 2395 71.
2319 2362 2350 2385 n.
2374 2363 2401 2392 7.
2410 2347 2494 2393 ſeqq.

1201 2413 1298 2451 Talia
1314 2414 1374 2459 qui
1389 2409 1550 2454 aſſerunt,
1575 2408 1634 2448 vix
1646 2421 1664 2447 a
1674 2408 1941 2449 contradictione
1953 2406 2078 2444 abſolui
2098 2414 2242 2453 queunt.
2291 2404 2492 2443 Admittunt,
