1414 2301
550 375 649 422 E.

170 423 394 473 Edentulus
422 420 672 470 veſcentium
710 427 897 473 dentibus
926 435 1098 481 invidet,

225 495 342 537 Hier.
371 492 483 538 Was
508 491 609 538 einer
632 491 734 543 nicht
761 491 852 548 hat,
885 490 1029 549 goͤnnet
1055 504 1096 542 er

223 544 317 592 auch
339 543 448 588 einen
464 543 613 592 andern
631 545 743 592 nicht.

169 602 340 646 Erranti
347 599 551 646 medicina
568 602 780 656 confeſſio,
791 605 868 647 Cic.
878 604 984 655 Wer
995 607 1096 659 recht

223 651 392 708 beichtet,
411 652 512 702 wird
531 654 754 702 abſolviret.

167 708 318 751 Errata
335 704 402 749 diu
419 705 599 758 hærent,
630 707 768 756 Wenn
794 712 897 755 einer
925 719 968 756 es
994 719 1097 761 nicht

226 763 328 819 recht
351 766 519 823 machet,
547 766 647 815 wird
676 767 813 823 ſolches
833 772 935 823 nicht
957 777 994 823 ſo
1004 778 1097 819 bald

224 824 432 868 vergeſſen.

171 873 268 921 Eſto
286 875 382 935 quid
397 876 522 932 audis,
541 877 652 930 Wilt
665 877 719 925 du
743 877 896 936 geehret
922 883 1031 938 ſeyn,
1058 887 1097 937 ſo

227 933 329 984 halte
346 937 428 984 dich
447 937 627 984 darnach.

168 984 351 1029 Eventus
381 988 599 1031 ſtultorum
641 993 853 1044 magiſter,
881 1000 972 1064 Liv.
1003 1011 1100 1060 Mit

227 1046 421 1104 Schaden
440 1050 598 1100 werden
613 1050 671 1100 die
687 1051 854 1101 Narren
872 1059 971 1111 klug.

167 1097 305 1142 Etiam
321 1101 429 1142 inter
445 1113 591 1156 vepres
611 1111 711 1157 roſæ
727 1121 966 1168 naſcuntur,
995 1131 1104 1179 Bey

225 1164 364 1219 Boͤſen
388 1164 509 1222 findet
531 1174 626 1214 man
650 1168 837 1224 zuweilen
864 1174 959 1220 auch
985 1176 1096 1217 einen

222 1216 449 1275 Frommen.

169 1274 234 1319 Ex
246 1272 407 1332 aſpeƈtu
423 1275 599 1319 naſcitur
614 1288 745 1326 amor,
757 1291 854 1335 Den
868 1304 962 1336 man
971 1297 1097 1338 lieben

230 1331 296 1389 ſol,
314 1331 409 1385 muß
425 1345 519 1383 man
535 1344 657 1389 zuvor
677 1337 797 1389 ſehen.

167 1390 235 1435 Ex
248 1388 359 1434 bellis
380 1389 482 1434 bella
505 1391 714 1442 ſeruntur,
745 1403 864 1440 Tacit.
897 1411 991 1455 Der
1011 1404 1094 1456 eine

225 1449 371 1502 Streit
383 1447 568 1507 entſtehet
581 1454 657 1500 aus
671 1452 759 1499 dem
774 1454 935 1504 andern.

165 1492 379 1554 Exemplis
397 1515 485 1545 non
503 1510 568 1544 eſt
577 1504 874 1571 judicandum,
900 1517 968 1569 ſed
990 1529 1095 1566 legi-

224 1566 313 1620 bus,
329 1567 443 1622 Man
469 1566 560 1625 muß
580 1568 680 1623 nicht
695 1569 802 1626 ſehen
818 1576 907 1619 was
924 1577 1038 1624 dieſer
1053 1589 1094 1622 o⸗

221 1622 289 1664 der
304 1621 406 1669 jener
423 1623 531 1674 thut,
553 1623 712 1681 ſondern
734 1631 823 1675 was
844 1633 944 1679 recht
961 1635 1019 1685 iſt.

168 1665 382 1720 Exiguum
397 1679 556 1728 malum
572 1683 718 1725 ingens
734 1684 907 1741 bonum,
924 1690 1003 1741 Ein
1012 1691 1094 1747 klei⸗

210 1726 295 1776 ner
311 1732 511 1793 Verdruß,
528 1731 659 1792 bringt
675 1737 735 1789 oft
756 1738 907 1794 groſſen
929 1755 1092 1800 Genuß.

168 1784 432 1846 Experientia
447 1793 641 1851 omnium
641 1807 790 1852 rerum
802 1803 1007 1848 magiſtra,
1016 1806 1092 1845 Er⸗

226 1843 396 1893 fahrung
416 1848 538 1899 lehret
554 1855 663 1898 alles.

167 1890 298 1936 Extra
310 1900 542 1952 periculum
557 1916 699 1963 ferox,
726 1919 925 1968 Mancher
943 1925 997 1967 iſt
1021 1921 1096 1974 keck

222 1956 290 2019 ehe
305 1970 344 2012 er
362 1959 429 2020 fuͤr
443 1967 516 2018 den
535 1967 656 2026 Feind
673 1969 786 2016 koͤmt.
