2381 2921
636 507 727 561 DE
727 507 915 561 FORO
915 507 1356 561 COMPETENTE.

1551 527 1636 570 983

342 585 412 617 eius
429 584 535 618 praxis
543 575 628 611 eſſet.
680 578 769 627 Quin
793 591 833 615 ex
842 582 908 618 hoc
918 585 1139 625 fundamento
1152 594 1260 626 cauſas
1271 595 1430 629 laicorum
1445 598 1554 632 ciuiles
1565 608 1637 632 non

341 634 418 660 raro
429 626 574 660 Romam
586 628 681 662 traxit
689 629 851 675 pontifex,
861 635 906 667 vti
917 642 1163 682 conqueruntur
1169 639 1326 682 Germani
1338 645 1371 677 in
1382 654 1506 680 centum
1514 656 1637 693 graua-

337 675 478 710 minibus
495 676 528 708 in
536 679 680 714 comitiis
687 678 978 730 Noribergenſibus
989 690 1112 722 oratori
1124 691 1288 738 pontificis
1298 692 1413 730 oblatis
1429 697 1459 741 §.
1474 700 1526 733 IX.
1551 698 1639 743 apud

337 736 645 769 SCHILTERVM
662 733 701 769 de
708 734 860 773 libertate
868 739 975 773 eccles.
987 741 1041 780 lib.
1054 746 1126 778 VII.
1137 756 1162 778 c.
1172 755 1200 780 2.

476 774 508 827 §.
536 780 622 818 VIII.
667 782 805 821 Præbuit
814 786 881 821 hæc
890 786 1039 825 doctrina
1050 793 1137 827 male
1146 793 1311 831 cohærens
1323 797 1408 834 ICtis
1419 800 1633 839 occaſionem,

332 826 455 856 nouum
474 823 589 857 exinde
610 826 643 860 &
659 831 953 866 extraordinarium
971 837 1147 871 fabricandi
1165 843 1328 873 remedium
1343 846 1441 883 iuris,
1477 847 1556 887 quod
1569 846 1627 882 hoc

335 874 440 909 modo
454 875 612 913 definiunt,
616 886 793 927 præeunte
801 892 829 917 B.
840 894 893 921 DE
909 894 1017 923 IENA
1025 891 1107 925 tr.de
1128 892 1243 928 denunc.
1261 895 1557 947 euangel.p.238.n.6.
1569 898 1631 945 Eſt,

333 919 436 962 aiunt,
455 925 605 970 remedium
622 933 920 966 extraordinarium
930 940 1127 975 canonicum,
1139 952 1201 983 quo
1210 943 1325 985 aliquis
1335 947 1414 976 iuris
1421 945 1524 979 ciuilis
1532 947 1614 979 actio

334 974 427 1010 nibus
451 979 470 1014 &
484 979 613 1015 auxiliis
621 980 794 1030 deſtitutus
802 982 958 1030 adverſus
958 997 1145 1036 peccantem
1158 995 1192 1027 in
1191 994 1368 1040 ſubſidium
1386 998 1511 1039 vtitur,
1536 1009 1631 1047 quem

332 1021 451 1072 duplici
459 1028 631 1065 monitione
637 1033 778 1078 priuata
796 1036 815 1070 &
837 1034 968 1082 teſtibus
976 1038 1130 1076 adhibitis
1132 1042 1287 1090 præmiſſa
1309 1047 1328 1080 &
1342 1055 1364 1078 a
1364 1054 1536 1095 peccatore
1544 1048 1630 1095 ſpre-

330 1080 379 1111 ta,
389 1076 511 1121 eccleſiæ
518 1077 693 1115 denunciat
694 1082 855 1130 petitque,
865 1095 927 1130 quo
936 1085 1004 1133 ipſa
1010 1087 1285 1135 denunciatum,vt
1295 1094 1334 1127 de
1339 1104 1474 1142 peccato
1484 1103 1593 1142 exeat,
1592 1097 1632 1147 &

331 1124 379 1157 ad
376 1124 609 1174 pœnitentiam,
620 1134 905 1182 conſequenterque
913 1141 962 1169 rei
971 1137 1083 1184 iniuſte
1090 1139 1221 1177 detentæ
1230 1143 1472 1193 reſtitutionem,
1488 1150 1630 1195 eccleſia-

322 1177 410 1224 ſticis
419 1180 530 1215 mediis
547 1183 566 1217 &
585 1183 722 1228 cenſuris
732 1193 827 1231 cogat
834 1187 1054 1236 compellatue.
1085 1195 1135 1228 Ad
1154 1195 1218 1231 hoc
1233 1199 1416 1234 remedium
1426 1210 1508 1245 ergo
1516 1212 1625 1237 recur-

329 1229 471 1264 rendum
481 1229 539 1265 eſſe
548 1234 676 1274 volunt,
685 1235 707 1268 ſi
709 1235 836 1281 peccati
849 1241 985 1275 materia
993 1241 1083 1284 adſit,
1095 1253 1165 1288 quo
1181 1247 1250 1290 ipſo
1260 1248 1335 1283 foro
1346 1251 1480 1286 ſeculari
1489 1255 1624 1289 nullum

328 1277 554 1324 præiudicium
565 1281 636 1316 fieri
652 1280 838 1335 exiſtimant,
853 1280 1017 1337 referente
1013 1289 1104 1328 B.DE
1123 1294 1335 1343 IENAcit.
1300 1291 1349 1347 l.p.
1358 1304 1415 1342 259.
1421 1301 1519 1335 veluti
1528 1304 1550 1336 ſi
1562 1304 1622 1338 ſta-

327 1333 438 1361 tutum
451 1327 613 1371 exiſteret,
624 1332 716 1377 quod
730 1344 808 1370 cum
817 1338 904 1371 mala
913 1336 978 1373 fide
986 1339 1247 1390 præſcribentem
1256 1352 1424 1391 tueretur;
1439 1349 1461 1383 fi
1469 1349 1620 1397 princeps

327 1380 368 1416 de
378 1378 465 1416 facto
475 1381 524 1414 ius
536 1383 687 1428 gentium
698 1384 867 1424 obſeruare
876 1391 1003 1435 nollet;
1020 1394 1044 1428 ſi
1052 1394 1180 1432 debitor
1189 1397 1358 1436 abſolutus
1371 1400 1422 1439 eſt,
1433 1403 1491 1447 qui
1505 1412 1622 1439 tamen

325 1435 438 1461 reuera
449 1426 589 1471 debet,
568 1428 587 1477 &
600 1430 633 1464 in
642 1442 764 1477 genere
775 1434 830 1484 hoc
847 1437 915 1482 ipſo
928 1440 1076 1477 remedio
1085 1453 1137 1477 res
1145 1442 1310 1481 iudicatas
1320 1447 1453 1484 reſcindi
1462 1451 1552 1495 poſſe
1559 1463 1618 1487 vo-

323 1476 397 1509 lunt
403 1477 437 1510 in
445 1476 521 1512 foro
530 1479 747 1523 eccleſiaſtico,
759 1491 860 1528 prout
868 1486 996 1533 plenius
1011 1492 1177 1527 examinat
1194 1503 1378 1531 FELINVS
1392 1496 1470 1532 adc.
1482 1511 1521 1544 13.
1531 1504 1567 1536 X.
1577 1502 1617 1536 de

322 1523 421 1562 iudic.
432 1526 561 1576 n.5.ſqq.
574 1529 800 1570 Commendat
806 1534 892 1572 hanc
899 1539 1061 1575 cautelam
1070 1540 1225 1579 omnibus
1235 1546 1390 1590 practicis
1390 1558 1613 1586 SCACCIAS

321 1571 359 1605 de
370 1573 467 1610 iudic.
476 1579 556 1609 lib.I.
569 1584 640 1618 c.53.
650 1592 720 1620 n.4.
730 1584 839 1617 aiens:
863 1586 953 1618 Vnde
964 1589 1081 1621 nota
1050 1589 1078 1634 in
1086 1590 1286 1636 practica,tu
1295 1591 1517 1641 cauſidice,
1469 1593 1514 1643 qui
1525 1608 1613 1634 exce-

315 1624 427 1665 ptione
435 1629 535 1657 trium
544 1636 755 1673 conformium
757 1635 1009 1677 ſententiarum,
1017 1637 1165 1680 aduerſus
1175 1647 1208 1673 te
1223 1641 1372 1686 latarum,
1379 1653 1520 1686 remanes
1530 1646 1616 1682 omni

320 1682 399 1708 iuris
416 1678 517 1710 ciuilis
528 1681 652 1713 auxilio
660 1682 885 1729 deſtitutus,
853 1692 887 1729 vt
901 1695 1052 1721 recurras
1067 1690 1113 1724 ad
1125 1688 1206 1726 hanc
1216 1693 1432 1740 euangelicam
1444 1695 1617 1734 denuncia-

320 1726 439 1758 tionem
449 1732 627 1773 exponendo
637 1743 745 1764 coram
764 1735 867 1768 iudice
878 1736 1087 1783 eccleſiaſtico,
1097 1738 1153 1785 qui
1153 1747 1215 1785 pro
1225 1745 1416 1779 correctione
1418 1749 1548 1793 peccati
1565 1750 1615 1784 in-

319 1777 431 1817 iunget
431 1782 668 1822 pœnitentiam,
676 1792 776 1826 quam
778 1785 1037 1831 pœnitentiarius
1048 1795 1176 1824 tenetur
1187 1789 1369 1838 adimplere,
1390 1798 1430 1831 &
1437 1795 1610 1842 adimplere

318 1837 381 1856 non
390 1831 504 1872 poteſt,
522 1832 583 1873 niſi
585 1832 748 1877 ſequatur
758 1834 919 1880 reſtitutio
919 1836 982 1882 rei,
1003 1839 1019 1875 &
1031 1838 1132 1887 plena
1130 1839 1324 1890 ſatisfactio,
1349 1847 1364 1882 &
1370 1845 1421 1892 ſic
1421 1845 1480 1893 per
1488 1847 1607 1886 indire-

318 1880 403 1916 ctum
415 1882 636 1921 condemnabit
646 1886 692 1921 ad
693 1888 963 1927 ſatisfactionem.

458 1931 487 1974 §.
517 1932 574 1969 IX.
624 1927 763 1972 Videtur
775 1936 888 1982 vtique
889 1936 1026 1986 ſpeciem
1040 1941 1184 1988 aliquam
1185 1943 1322 1992 pietatis
1336 1949 1370 1983 in
1386 1950 1418 1984 ſe
1426 1952 1603 1993 continere,

317 1980 353 2005 vt
372 1981 584 2022 proteſtantes
600 1980 681 2023 ICti,
700 1985 771 2018 haud
785 1985 972 2025 incelebres,
982 1997 1052 2023 non
1059 1989 1292 2030 dubitauerint,
1307 1996 1422 2039 praxin
1431 1999 1498 2033 eius
1508 2000 1540 2035 in
1550 2002 1603 2037 fo-

314 2023 358 2058 ris
376 2027 490 2061 noſtris
506 2038 578 2064 non
593 2038 724 2067 tantum
741 2037 986 2080 commendare,
1001 2040 1055 2075 ſed
1062 2040 1163 2076 etiam
1179 2044 1270 2076 variis
1280 2050 1483 2092 argumentis
1491 2050 1605 2087 deſen-

316 2076 402 2111 dere.
453 2071 510 2113 Ita
510 2081 602 2115 enim
609 2082 646 2118 B.
663 2090 692 2116 A
706 2090 812 2119 IENA
832 2086 887 2120 cit.
897 2094 983 2132 tr.p.
993 2097 1064 2131 275.
1075 2097 1104 2121 n.
1114 2102 1171 2134 47.
1206 2094 1422 2131 Denunciatio
1430 2099 1491 2133 hæc
1503 2099 1602 2136 habet

307 2123 559 2175 fundamentum
567 2131 601 2162 in
602 2132 702 2174 ſacra
702 2135 868 2181 ſcriptura
888 2135 902 2172 &
924 2137 1086 2175 charitate
1093 2140 1277 2190 chriſtiana,
1302 2147 1320 2180 &
1341 2145 1494 2188 nouimus,
1516 2149 1602 2184 inter

313 2175 511 2216 euangelicos
527 2183 658 2211 eandem
667 2192 789 2225 quoque
806 2195 828 2211 a
835 2186 897 2225 piis
905 2187 979 2218 viris
986 2179 1098 2221 contra
1107 2189 1242 2223 aliorum
1253 2191 1450 2239 impietatem
1471 2194 1599 2232 adhibi-

311 2220 380 2261 tam
392 2224 456 2269 eſſe.
507 2229 549 2261 Et
558 2237 689 2265 tantum
695 2234 789 2279 abeſt,
799 2243 838 2269 vt
846 2235 945 2272 vllam
953 2238 1068 2286 iuſtam
1076 2241 1235 2278 rationem
1243 2243 1425 2285 habeamus,
1443 2247 1481 2282 ob
1496 2259 1597 2294 quam

307 2276 510 2321 repudianda
510 2277 562 2323 ſit,
580 2287 614 2312 vt
622 2282 727 2327 potius
734 2286 871 2320 rotunde
887 2288 907 2322 &
917 2287 1105 2335 ſimpliciter
1113 2302 1172 2326 nos
1177 2292 1385 2342 affirmemus,
1402 2308 1472 2333 eam
1481 2301 1597 2335 bonam

305 2330 328 2371 &
357 2326 557 2363 retinendam
567 2328 632 2375 eſſe.
685 2331 727 2365 Et
732 2332 768 2375 ſi
779 2333 899 2370 habent
918 2338 1078 2375 meliorem
1093 2339 1275 2388 religionem
1285 2349 1324 2381 A.
1336 2350 1368 2381 C.
1377 2347 1514 2390 addicti,
1539 2350 1592 2384 de-

306 2380 381 2406 bent
388 2385 482 2418 opera
492 2377 662 2411 charitatis
669 2383 773 2414 actiue
787 2386 825 2416 &
829 2386 946 2428 paſſiue
952 2390 1054 2430 magis
1062 2399 1228 2431 exercere,
1253 2402 1310 2425 nec
1316 2393 1502 2440 conſcientiæ
1508 2396 1593 2431 recte

304 2429 485 2480 informatæ
484 2429 633 2482 ſtimulos
640 2434 813 2486 negligere.
818 2436 863 2474 Et
868 2440 939 2489 poſt
945 2451 1068 2490 pauca:
1081 2448 1152 2481 Nec
1158 2456 1227 2481 tam
1236 2448 1288 2484 ius
1295 2453 1479 2490 canonicum
1490 2463 1591 2499 quam

1647 808 1680 836 Et
1694 810 1826 841 ICtorum

1644 844 1789 889 dogma
1756 846 1786 889 de
1801 862 1849 891 pe-

1642 892 1739 918 culiari
1750 895 1840 921 reme-

1639 921 1688 963 dio
1698 930 1775 972 iuris,
1785 935 1861 976 quod

1643 965 1836 1008 denunciatio-

1643 1017 1708 1038 nem
1718 1012 1860 1048 euangeli-

1643 1062 1704 1084 cam
1713 1064 1821 1091 vocant,

1631 1555 1721 1596 Quod
1737 1558 1817 1591 valde

1624 1600 1834 1637 commendant,

1616 1957 1706 1991 Etiam
1722 1958 1814 1996 Prote-

1614 2002 1733 2045 ſtantes.

1057 2503 1132 2534 Iii
1132 2503 1212 2534 iii
1212 2503 1245 2534 2

1522 2505 1590 2545 ipſe
