2405 2989
778 749 854 799 So
872 746 952 803 gehe
967 745 1077 800 denn,
1094 740 1211 798 erfuͤlle
1233 738 1324 790 nun,

781 804 884 852 Das
898 800 1050 856 Hoffen,
1069 805 1142 844 das
1158 794 1273 847 Dein
1288 793 1388 848 Fleiß
1404 787 1556 843 gebahr,

784 862 885 914 Geh,
900 859 982 909 eile,
1009 856 1115 909 durch
1130 861 1187 898 der
1201 852 1377 905 Allmacht
1394 846 1531 900 Schutz

782 922 842 976 Zu
859 927 924 964 den
942 914 1176 971 gewuͤnſchten
1192 910 1385 962 Graͤntzen.

782 978 882 1023 Nun
898 967 1075 1030 Freund,
1092 973 1163 1013 das
1179 965 1362 1021 Schickſal
1384 962 1520 1016 ſcheidet
1536 957 1624 1009 nur,

781 1036 899 1086 Doch
916 1037 1051 1074 trennet
1070 1035 1110 1071 es
1127 1029 1177 1070 die
1194 1020 1451 1078 Freundſchaft
1468 1016 1576 1071 nicht:

784 1097 882 1144 Nun
900 1094 973 1138 lebe
988 1088 1103 1143 wohl,
1132 1093 1206 1131 und
1226 1085 1331 1129 bleibe
1348 1083 1417 1127 mir

786 1160 830 1208 O
846 1151 1031 1214 Freund!
1048 1147 1071 1203 o
1104 1148 1209 1198 edler
1225 1143 1414 1201 Freund!
1445 1147 1626 1190 gewogen.

1108 1183 1446 1238 CHRISTIAN
1474 1170 1777 1235 PAECKEN,
1802 1173 1912 1220 Med.
1929 1154 2001 1219 St.

842 1291 942 1395 A

942 1291 1037 1353 pollo
1054 1295 1158 1348 reicht
1176 1296 1241 1339 mit
1260 1294 1388 1333 heitern
1410 1288 1551 1333 Blicke,

963 1347 1062 1400 Dir,
1075 1341 1238 1397 theurer
1253 1334 1436 1396 Freund!
1465 1344 1540 1379 von
1556 1332 1682 1384 ſeinem
1699 1328 1828 1381 Thron

789 1414 887 1459 Den
904 1408 993 1459 Dir
1010 1406 1229 1456 beſtimmten
1251 1402 1360 1454 ſuͤſſen
1375 1397 1544 1449 Lohn:

790 1469 946 1519 (Selbſt
962 1461 1130 1506 Momus
1150 1456 1270 1500 bleibet
1293 1455 1369 1502 hier
1392 1445 1613 1504 zuruͤcke,

787 1527 879 1570 Der
897 1522 988 1573 ſonſt
1007 1517 1093 1569 doch
1117 1514 1184 1558 viel
1200 1524 1241 1563 zu
1259 1510 1379 1556 tadlen
1399 1508 1520 1558 weiß.)

788 1586 874 1627 Und
895 1583 1012 1633 jeder,
1037 1584 1096 1623 der
1114 1572 1225 1628 Dich
1242 1566 1475 1626 Werthſter
1495 1567 1632 1614 kennet,

788 1641 875 1684 Und
891 1634 1002 1686 Dich
1021 1639 1094 1675 aus
1118 1629 1235 1682 aͤchter
1248 1625 1505 1680 Freundſchaft
1521 1623 1666 1670 nennet,

787 1694 973 1739 Wuͤnſcht
989 1687 1079 1733 Dir
1096 1682 1165 1725 viel
1180 1680 1328 1729 tauſend
1345 1674 1464 1724 Gluͤck
1478 1685 1520 1725 zu
1543 1678 1623 1718 dem
1641 1666 1822 1727 erhaltnen
1843 1659 1959 1714 Preiß,

851 1753 925 1800 Jch
943 1747 1077 1795 ſtimme
1093 1742 1203 1792 dieſen
1226 1739 1349 1791 frohen
1363 1733 1525 1783 Trieben

791 1810 879 1855 Aus
898 1798 1170 1857 unverfaͤlſchter
1186 1794 1439 1852 Freundſchaft
1455 1792 1532 1842 bey,

790 1864 954 1923 Freund
973 1859 1062 1905 lebe!
1095 1862 1171 1903 und
1193 1859 1246 1908 ſey
1263 1849 1427 1910 gaͤntzlich
1445 1848 1518 1904 frey

791 1930 906 1971 Vom
923 1917 1109 1976 Schickſal
1128 1923 1200 1961 das
1216 1910 1327 1968 Dich
1349 1912 1418 1957 kan
1446 1903 1635 1959 betruͤben,

794 1985 901 2028 Das
915 1978 1045 2028 Gluͤck,
1062 1980 1136 2017 das
1148 1974 1248 2024 weiſe
1263 1967 1405 2016 Seelen
1426 1961 1631 2019 ſchmuͤckt,

793 2044 964 2097 Begleite
984 2038 1095 2092 Dich
1116 2041 1152 2080 in
1170 2039 1260 2080 allen
1276 2030 1446 2084 Sachen,

797 2100 855 2142 Es
872 2096 972 2136 wolle
991 2102 1057 2135 vor
1075 2088 1190 2139 Dein
1204 2084 1408 2141 Wohlſeyn
1426 2077 1581 2131 wachen,

799 2157 873 2197 So
883 2149 974 2191 wird
982 2142 1100 2189 Dein
1119 2145 1307 2189 muntrer
1314 2132 1433 2193 Geiſt
1444 2135 1513 2180 mit
1521 2128 1688 2185 ſchoͤnſter
1696 2124 1830 2185 Frucht
1843 2124 2002 2176 erquickt.

856 2207 970 2263 Zeuch
992 2211 1100 2257 denn,
1125 2201 1210 2253 doch
1228 2201 1329 2243 nein!
1359 2195 1447 2241 bleib
1464 2192 1552 2245 noch
1570 2188 1726 2244 zuruͤcke!

797 2275 915 2329 Doch
932 2271 1056 2324 zeuchſt
1074 2271 1157 2318 DU
1172 2272 1210 2312 in
1226 2265 1343 2317 Dein
1361 2260 1592 2310 Vaterland,

800 2333 874 2378 So
900 2327 1047 2378 macheſt
1061 2322 1142 2372 Du
1159 2324 1247 2371 auch
1264 2327 1349 2364 dort
1368 2318 1525 2363 bekannt

803 2389 901 2439 Wie
917 2383 1038 2434 Kunſt
1056 2388 1129 2426 und
1144 2376 1400 2432 Wiſſenſchaft
1415 2370 1585 2426 begluͤcke.

803 2442 922 2496 Dein
939 2440 1122 2492 Umgang,
1139 2444 1197 2481 der
1214 2438 1301 2483 mich
1319 2435 1373 2485 oft
1390 2433 1538 2482 erfreut,

805 2507 871 2556 Jſt
890 2495 1028 2553 freylich
1050 2482 1142 2538 denn
1160 2494 1228 2535 mit
1243 2487 1333 2539 Dir
1348 2485 1635 2539 verſchwunden,

806 2559 923 2610 Doch
938 2552 1055 2599 dencke
1070 2560 1141 2594 nur
1161 2550 1214 2602 oft
1232 2559 1283 2591 an
1298 2548 1352 2591 die
1369 2542 1569 2592 Stunden,

810 2618 983 2652 Worinn
1009 2608 1058 2657 ich
1076 2597 1290 2654 Ehrfurchts
1311 2595 1384 2635 voll
1401 2592 1488 2644 mich
1500 2588 1590 2642 Dir
1607 2585 1666 2632 als
1676 2583 1823 2638 Freund
1839 2577 2013 2635 geweyht.

1273 2665 1325 2712 C.
1340 2662 1390 2709 F.
1406 2661 1458 2708 E.
1474 2653 1749 2705 OSWALD,
1769 2662 1836 2694 aus
1850 2648 2012 2701 Erfurth,

1493 2706 1588 2750 Med.
1597 2708 1644 2745 St.
1662 2702 1870 2754 Opponens.
