2518 2893
291 598 369 643 ipſo,
383 610 452 643 quo
470 598 538 632 hæc
555 600 598 632 eis
614 596 808 639 attribuitur,
826 608 885 643 per
899 598 1089 633 indireƈtum
1104 597 1176 631 ſunt
1189 596 1326 646 grauiter
1345 595 1476 646 ſuſpeƈti
1483 598 1520 629 de
1528 599 1583 630 hæ-

288 646 359 692 reſi,
375 649 466 691 quod
481 648 607 688 paƈtum
624 658 693 680 cum
708 646 832 682 diabolo
849 647 1017 686 ininerint,
1032 656 1068 680 vt
1087 653 1214 686 ſtrenue
1229 655 1358 686 adſtruit
1375 663 1582 686 DANDINVS

287 706 327 736 de
332 700 466 746 ſuſpeƈt.
486 703 525 734 de
541 697 648 745 hæreſ.
659 710 684 734 c.
701 709 727 734 2.
734 697 814 744 ſeƈt.
830 710 852 733 1.
867 705 900 738 p.
917 708 981 739 149.
994 698 1065 742 ſqq.
1085 708 1115 740 &
1132 714 1295 739 SIMANCAS
1309 709 1348 739 de
1362 711 1472 742 cathol.
1490 698 1587 741 inſtit.

287 753 340 786 tit.
355 756 398 790 31.
418 757 447 778 n.
460 744 495 796 8.
544 747 672 780 Notum
690 746 745 787 eſt,
765 748 960 790 peculiarem
976 750 1119 789 ſpiritum
1137 754 1321 785 familiarem
1342 758 1393 787 ſeu
1408 760 1590 787 damonem

289 802 480 835 attributum
504 799 592 834 fuiſſe
615 809 776 838 SOCRATI,
809 800 1022 837 ARISTOTELI,
1047 806 1214 839 PLOTINO,
1238 821 1479 841 PORPHYRIO
1508 804 1590 846 aliis-

291 857 375 895 que,
392 851 458 882 imo
476 848 546 894 ipſis
565 859 796 884 SCALIGERO
814 853 843 882 &
861 854 1036 888 CARDANO,
1061 857 1097 881 vt
1113 849 1216 882 docet
1234 865 1407 888 NAVDAEVS
1422 863 1498 890 dans
1511 862 1592 889 apo-

290 906 371 949 logie
384 913 465 946 pour
480 908 525 941 les
532 909 657 948 grands
670 908 804 939 hommes
814 903 1018 950 ſoupçonnez
1033 907 1073 939 de
1086 903 1197 947 Magie
1206 915 1231 937 c.
1251 912 1290 945 13.
1297 910 1330 942 p.
1338 913 1395 937 212.
1394 904 1488 946 ſeqq.
1506 914 1592 946 quo-

288 967 360 990 rum
371 954 524 1000 ſtupenda
541 956 682 989 eruditio
696 964 754 999 per
769 954 961 989 calumniam
974 953 1163 990 inuidorum
1180 956 1309 999 magicis
1324 953 1443 988 artibus
1458 956 1591 988 adſcribi

287 1008 423 1050 meruit;
457 1011 532 1045 Nec
552 1007 786 1044 hocinſolitum
806 1007 869 1043 eſſe
886 1006 996 1043 cenſet
1012 1006 1163 1042 credulus
1177 1016 1348 1040 DANDINVS
1367 1007 1420 1041 cit.
1432 1008 1451 1038 I.
1451 1003 1589 1051 ſubſeƈt.

286 1068 357 1095 2.n.
365 1067 412 1097 25.
419 1064 452 1099 p.
461 1062 516 1092 160.
525 1059 627 1092 aiens:
651 1058 781 1091 Dæmon
796 1056 1004 1103 quandoque
1000 1054 1022 1104 &
1048 1065 1136 1092 artes
1158 1058 1176 1092 &
1192 1054 1349 1105 ſcientias
1368 1057 1463 1094 docet;
1480 1054 1590 1100 ſcien-

285 1111 337 1146 tiæ
345 1109 428 1145 enim
435 1109 541 1154 noſtræ
550 1109 727 1151 dependent
734 1110 774 1143 ab
782 1108 939 1145 intelleƈtu
946 1113 1060 1152 agente
1066 1105 1177 1154 (quem
1185 1106 1342 1151 illuſtrare
1350 1107 1449 1151 poteſt
1457 1106 1590 1152 dæmon)

278 1157 366 1204 ficut
378 1169 400 1191 a
410 1159 516 1199 primo
527 1157 699 1201 principio.
754 1161 870 1192 Verum
881 1157 935 1201 eſt,
959 1159 1047 1201 quod
1050 1159 1169 1193 dæmon
1174 1158 1261 1190 omni
1266 1165 1380 1189 conatu
1383 1166 1536 1199 procurat
1542 1159 1593 1190 ho-

288 1212 400 1249 mines,
417 1217 478 1241 non
492 1208 539 1240 ad
540 1203 708 1257 ſcientias,
714 1206 783 1254 ſed
783 1206 833 1253 ad
837 1218 958 1243 errores
967 1218 1136 1243 reuocare:
1165 1215 1257 1255 tamet
1266 1208 1291 1255 ſi
1291 1208 1358 1255 ipſe
1363 1217 1479 1249 præter
1481 1218 1588 1247 Socra:

287 1273 352 1297 tem
365 1263 404 1297 &
418 1264 516 1304 alios,
547 1262 746 1298 Ariſtotelem
771 1262 869 1295 etiam
886 1259 1101 1308 philoſophum
1121 1261 1311 1295 reddiderit.
1363 1262 1495 1305 Optima
1510 1271 1590 1303 ergo

288 1310 339 1343 via
365 1306 427 1345 eſt,
449 1316 529 1347 eos,
552 1315 638 1350 quos
657 1305 789 1349 ingenio
807 1306 918 1341 noſtro
928 1308 1072 1350 ſuperare
1086 1330 1153 1350 non
1170 1311 1351 1349 poſſumus,
1381 1314 1423 1357 de
1437 1312 1544 1346 magia
1561 1318 1589 1357 &

285 1362 397 1411 hæreſi
398 1361 556 1410 ſuſpectos
569 1363 725 1405 reddere,
749 1372 866 1398 eorum
887 1363 1073 1403 conatibus,
1090 1373 1131 1397 ne
1147 1362 1367 1403 inclareſcant,
1383 1362 1544 1402 reſiſtere,
1562 1366 1592 1396 &

288 1416 333 1449 ita
347 1416 483 1451 eosdem
497 1415 694 1460 opprimere.
744 1416 795 1450 Eſt
802 1416 889 1450 enim
904 1415 972 1450 hoc
986 1412 1172 1459 ſtratagema
1181 1421 1271 1455 iuxta
1271 1419 1518 1454 DANDINVM
1534 1424 1592 1454 ad-

288 1471 428 1504 modum
444 1468 631 1513 probabile,
646 1465 740 1512 quod
756 1466 844 1512 vulgi
866 1477 1010 1502 mentem
1026 1466 1117 1504 facile
1136 1466 1220 1509 ferit,
1238 1476 1274 1501 vt
1288 1465 1406 1511 ingenii
1420 1465 1591 1510 præſtantia

288 1521 321 1552 &
337 1509 475 1552 acumen
485 1515 583 1561 magis
591 1525 711 1551 noceat
724 1524 823 1559 quam
831 1516 932 1560 proſit
939 1517 972 1550 in
987 1515 1024 1549 iis
1036 1515 1129 1561 locis,
1141 1514 1174 1546 in
1181 1516 1300 1559 quibus
1308 1516 1451 1548 criminis
1455 1514 1592 1558 ſuſpeƈti

291 1571 396 1608 ſedula
410 1570 547 1605 habetur
563 1572 655 1605 ratio.
705 1570 790 1606 Nam
804 1569 882 1606 licet
896 1569 996 1605 forſan
1012 1567 1080 1604 hæc
1083 1567 1223 1615 ſuſpicio
1243 1570 1319 1602 leuis
1340 1569 1402 1604 eſſe
1425 1569 1593 1606 videatur;

291 1621 384 1657 facile
398 1629 506 1655 tamen
523 1620 633 1665 augeri
654 1618 778 1666 poteſt,
810 1618 831 1654 ſi
849 1621 953 1655 modo
967 1629 1040 1654 ante
1055 1618 1163 1653 omnia
1180 1619 1218 1652 ad
1237 1614 1463 1667 inquiſitionem
1481 1627 1592 1662 raptus

290 1674 362 1710 fuit.
413 1672 548 1706 Certum
563 1681 671 1706 autem
686 1674 717 1705 &
732 1670 949 1706 indubitatum
967 1669 1029 1710 eſt,
1051 1669 1095 1704 ait
1112 1679 1158 1703 10.
1174 1679 1190 1701 a
1205 1680 1308 1704 ROYAS
1326 1673 1363 1705 P.
1379 1672 1421 1705 II.
1435 1672 1474 1703 de
1487 1671 1593 1703 hæret.

290 1733 323 1755 n.
339 1732 385 1756 20.
402 1715 601 1768 inquiſitores
612 1721 695 1767 fidei
712 1728 821 1756 contra
836 1718 973 1765 aliquem
997 1719 1030 1753 in
1045 1717 1178 1755 crimine
1194 1717 1312 1765 hæreſis
1326 1720 1406 1764 poſſe
1421 1731 1462 1754 ex
1478 1720 1540 1753 leui
1555 1720 1593 1755 &

289 1770 412 1805 modica
416 1769 593 1814 ſuſpicione
607 1772 786 1811 procedere,
801 1777 838 1803 vt
841 1767 991 1814 ſuſpeƈtus
1004 1769 1233 1813 interrogetur,
1251 1771 1332 1812 quid
1338 1766 1464 1812 ſentiat
1478 1773 1507 1802 de
1511 1771 1596 1812 ſide?

290 1826 321 1860 Si
338 1832 529 1867 comparere
549 1824 640 1861 nolit,
666 1832 749 1866 ægre
765 1822 887 1861 ferens,
904 1824 1001 1856 dotes
1014 1821 1133 1866 ingenii
1151 1821 1319 1865 ſingulares
1337 1823 1369 1855 in
1383 1823 1593 1868 ſuſpicionem

289 1872 377 1915 paƈti
392 1883 461 1906 cum
475 1871 599 1906 diabolo
614 1872 684 1907 initi
699 1871 821 1911 vocari,
842 1872 1199 1907 excommunicandus,
1234 1874 1264 1902 &
1280 1872 1351 1914 poſt
1369 1880 1507 1909 annum,
1539 1873 1595 1915 niſi

291 1924 525 1960 abſolutionem
541 1924 689 1967 petierit,
714 1925 802 1959 velut
818 1922 976 1958 hæreticus
977 1922 1257 1970 coudemnandus
1276 1923 1322 1957 eſt
1348 1924 1436 1957 iuxta
1462 1934 1597 1966 proces-

292 1979 359 2014 ſum
378 1977 413 2012 in
428 1988 454 2010 c.
470 1988 502 2019 7.
516 1978 546 2011 h.
559 1986 585 2012 t.
600 1978 633 2013 in
650 1979 678 2011 6.
697 1977 926 2024 præſcriptum.
977 1977 1079 2012 Etiam
1097 1976 1163 2013 hoc
1179 1976 1363 2021 ſtratagema
1375 1977 1595 2013 Machiauelli-

292 2023 343 2058 ſtis
357 2021 538 2067 ſuppeditat
554 2031 599 2055 10.
606 2036 846 2061 LASSENIVS
852 2030 886 2060 in
900 2033 1025 2063 arcanis
1039 2024 1161 2064 atheiſt.
1174 2027 1265 2061 polit.
1281 2044 1314 2070 p.
1323 2043 1376 2065 49.
1388 2028 1421 2070 in
1439 2027 1593 2062 ſequeute

290 2080 474 2117 axiomate:
493 2074 632 2119 QVEM
650 2078 788 2111 VLTRA
820 2081 992 2113 VVLGVS
1010 2084 1178 2118 SAPERE
1198 2085 1346 2123 NORIS,
1383 2084 1595 2117 SPIRITVM

289 2129 579 2163 FAMILIAREM
584 2128 762 2164 HABERE
767 2126 906 2158 DICAS:
916 2130 1439 2164 OMNIARATIONISTATVS
1450 2130 1600 2164 INSER-

294 2178 480 2213 VIENTIA
496 2175 790 2221 CONQVIRITO.
853 2182 960 2216 Addit
968 2191 1047 2215 vero
1064 2179 1147 2214 hanc
1163 2180 1329 2213 axiomatis
1339 2179 1600 2214 illuſtrationem:

294 2234 399 2284 Noch
400 2225 456 2279 ein
475 2226 578 2281 ander
602 2230 800 2279 bewaͤhrtes
815 2232 942 2275 Mittel
952 2233 1004 2280 iſt,
1031 2231 1170 2272 iemand
1187 2227 1386 2280 verdaͤchtig
1396 2239 1434 2278 zu
1443 2228 1600 2278 machen,

293 2291 355 2328 der
365 2293 460 2329 etwa
469 2287 627 2335 herrliche
638 2285 771 2329 Gaben
783 2286 860 2336 hat,
874 2289 947 2325 und
956 2288 1034 2326 dem
1046 2289 1104 2325 der
1114 2286 1264 2334 gemeine
1274 2284 1397 2327 Mann
1407 2281 1602 2332 anhaͤnget,

295 2338 354 2387 ihn
363 2344 459 2382 etwa
467 2327 662 2387 unterhaͤlt,
667 2330 811 2392 dadurch
827 2333 1009 2388 beſorglich
1018 2336 1072 2377 die
1083 2338 1232 2377 Intraden
1239 2340 1297 2377 der
1307 2339 1450 2377 Statiſten
1460 2329 1602 2383 duͤrften

294 2383 538 2437 geſchmaͤhlert
540 2383 701 2439 werden;
719 2398 803 2429 man
824 2387 932 2436 ſaget,
952 2390 1018 2428 der
1037 2387 1138 2429 Kerl
1149 2386 1220 2435 hat
1228 2387 1336 2428 einen
1348 2386 1488 2440 ſpiritum
1496 2387 1603 2433 fami-

298 2439 431 2480 liarem,
457 2448 497 2476 es
516 2436 628 2487 gehet
642 2436 752 2486 nicht
765 2435 872 2486 recht
888 2437 960 2478 mit
973 2434 1055 2485 ihm
1069 2445 1136 2482 zu;
1162 2446 1244 2476 von
1262 2435 1340 2483 ihm
1359 2438 1464 2485 ſelbſt
1473 2436 1545 2477 kan
1562 2445 1601 2473 er

348 2491 458 2526 Böhm.
468 2491 495 2524 I.
513 2491 540 2527 E.
546 2492 629 2529 Tom.
639 2486 694 2524 IV.

1080 2491 1168 2537 Ppp
1192 2500 1247 2535 pp

1526 2493 1602 2529 das

1601 596 1686 628 facile
1688 605 1724 643 in
1737 598 1823 637 ſuſpi-

1598 645 1714 673 cionem
1726 645 1812 674 hære-

1601 684 1662 714 ſeos
1673 685 1704 713 &
1720 686 1823 722 magiæ

1598 723 1793 756 deducuutur.

1608 2034 1687 2071 quod
1704 2035 1792 2065 etiam

1611 2078 1792 2108 Machiauel-

1609 2117 1693 2148 liſino
1704 2117 1833 2148 attribuit

1606 2157 1775 2194 Laſſenius,
