<?xml version='1.0' encoding='utf-8'?>
<PcGts xmlns="http://schema.primaresearch.org/PAGE/gts/pagecontent/2019-07-15" xmlns:xsi="http://www.w3.org/2001/XMLSchema-instance" pcGtsId="PAGE_01" xsi:schemaLocation="http://schema.primaresearch.org/PAGE/gts/pagecontent/2019-07-15 http://schema.primaresearch.org/PAGE/gts/pagecontent/2019-07-15/pagecontent.xsd">
  <Metadata>
    <Creator>OCR-D DFG Phase III</Creator>
    <Created>2024-01-19T13:09:36Z</Created>
    <LastChange>2024-01-19T13:09:36Z</LastChange>
    <Comments>ODEM: OCR-D extension for mass digitization (2021-2024)</Comments>
  </Metadata>
  <Page imageFilename="urn+nbn+de+gbv+3+1-734762-p0245-8_lat+ger.jpg" imageWidth="2960" imageHeight="3400" type="content" secondaryLanguage="German" primaryLanguage="Latin">
    <Border>
      <Coords points="114,281 112,3260 2554,3306 2575,283"/>
    </Border>
    <ReadingOrder>
      <OrderedGroup id="ro_1682502321363" caption="Regions reading order">
        <RegionRefIndexed index="0" regionRef="region_1682502069645_2383"/>
        <RegionRefIndexed index="1" regionRef="region_1682502073312_2392"/>
        <RegionRefIndexed index="2" regionRef="region0002"/>
        <RegionRefIndexed index="3" regionRef="region0003"/>
        <RegionRefIndexed index="4" regionRef="TextRegion_1682502187330_2520"/>
        <RegionRefIndexed index="5" regionRef="TextRegion_1682502187330_2519"/>
        <RegionRefIndexed index="6" regionRef="region0005"/>
        <RegionRefIndexed index="7" regionRef="TextRegion_1666082323760_466"/>
        <RegionRefIndexed index="8" regionRef="TextRegion_1666082327296_471"/>
        <RegionRefIndexed index="9" regionRef="region0010"/>
        <RegionRefIndexed index="10" regionRef="TextRegion_1682502209724_2529"/>
        <RegionRefIndexed index="11" regionRef="TextRegion_1682502209724_2528"/>
        <RegionRefIndexed index="12" regionRef="TextRegion_1666084703937_1289"/>
        <RegionRefIndexed index="13" regionRef="region_1682502165547_2495"/>
        <RegionRefIndexed index="14" regionRef="region_1682502168648_2504"/>
      </OrderedGroup>
    </ReadingOrder>
    <TextRegion type="header" id="region_1682502069645_2383" custom="readingOrder {index:0;} structure {type:header;}">
      <Coords points="740,470 740,528 1578,528 1578,470"/>
      <TextLine id="line_1682502069837_2386" custom="readingOrder {index:0;}">
        <Coords points="740,470 740,528 1578,528 1578,470"/>
        <Word id="word_1682502086678_2412" custom="readingOrder {index:0;}">
          <Coords points="740,470 924,470 924,528 740,528"/>
          <TextEquiv>
            <Unicode>peinlich</Unicode>
          </TextEquiv>
        </Word>
        <Word id="word_1682502086678_2411" custom="readingOrder {index:1;}">
          <Coords points="924,470 1121,470 1121,528 924,528"/>
          <TextEquiv>
            <Unicode>Gerichts</Unicode>
          </TextEquiv>
        </Word>
        <Word id="word_1682502085520_2407" custom="readingOrder {index:2;}">
          <Coords points="1121,470 1364,470 1364,528 1121,528"/>
          <TextEquiv>
            <Unicode>Ordnung.</Unicode>
          </TextEquiv>
        </Word>
        <Word id="word_1682502084479_2403" custom="readingOrder {index:3;}">
          <Coords points="1364,470 1578,470 1578,528 1364,528"/>
          <TextEquiv>
            <Unicode>Art.XC.</Unicode>
          </TextEquiv>
        </Word>
        <TextEquiv>
          <Unicode>peinlich Gerichts Ordnung. Art.XC.</Unicode>
        </TextEquiv>
      </TextLine>
      <TextEquiv>
        <Unicode>peinlich Gerichts Ordnung. Art.XC.</Unicode>
      </TextEquiv>
    </TextRegion>
    <TextRegion type="page-number" id="region_1682502073312_2392" custom="readingOrder {index:1;} structure {type:page-number;}">
      <Coords points="1903,479 1903,528 1984,528 1984,479"/>
      <TextLine id="line_1682502073572_2395" custom="readingOrder {index:0;}">
        <Coords points="1903,479 1903,528 1984,528 1984,479"/>
        <Word id="word_1682502073675_2398" custom="readingOrder {index:0;}">
          <Coords points="1903,479 1984,479 1984,528 1903,528"/>
          <TextEquiv>
            <Unicode>219</Unicode>
          </TextEquiv>
        </Word>
        <TextEquiv>
          <Unicode>219</Unicode>
        </TextEquiv>
      </TextLine>
      <TextEquiv>
        <Unicode>219</Unicode>
      </TextEquiv>
    </TextRegion>
    <TextRegion orientation="0.096103534" type="heading" readingDirection="left-to-right" id="region0002" custom="readingOrder {index:2;} structure {type:heading;}">
      <Coords points="1032,562 1290,562 1290,619 1032,619"/>
      <TextLine id="region0002_line0001" custom="readingOrder {index:0;}">
        <Coords points="1154,562 1132,569 1033,573 1032,618 1265,618 1271,605 1265,593 1289,591 1289,562"/>
        <Baseline points="1032,608 1268,611"/>
        <Word id="region0002_line0001_word0000" custom="readingOrder {index:0;}">
          <Coords points="1153,592 1038,592 1038,618 1153,618"/>
          <TextEquiv conf="0.8127317">
            <Unicode>ART.</Unicode>
          </TextEquiv>
        </Word>
        <Word id="region0002_line0001_word0001" custom="readingOrder {index:1;}">
          <Coords points="1275,583 1192,583 1192,618 1265,618 1271,605 1265,593 1275,592"/>
          <TextEquiv conf="0.903541">
            <Unicode>XC</Unicode>
          </TextEquiv>
        </Word>
        <TextEquiv conf="0.85813636">
          <Unicode>ART. XC</Unicode>
        </TextEquiv>
      </TextLine>
      <TextEquiv>
        <Unicode>ART. XC</Unicode>
      </TextEquiv>
    </TextRegion>
    <TextRegion orientation="0.096103534" type="heading" readingDirection="left-to-right" id="region0003" custom="readingOrder {index:3;} structure {type:heading;}">
      <Coords points="417,645 1898,645 1898,787 417,787"/>
      <TextLine id="region0003_line0001" custom="readingOrder {index:0;}">
        <Coords points="417,646 417,704 460,707 672,704 916,705 945,706 947,715 952,720 1002,719 1006,716 1008,708 1115,708 1143,709 1144,719 1149,724 1201,724 1208,722 1213,712 1232,711 1401,710 1403,720 1412,724 1464,723 1469,718 1470,710 1790,707 1796,708 1805,719 1831,719 1843,709 1897,707 1897,658 1889,657 1888,645 1770,645 1766,648 1764,656 1687,656 1675,654 1668,646 1659,646 1652,652 1645,645 1636,645 1628,647 1623,658 1596,660 1556,660 1551,648 1539,647 1530,651 1528,660 1521,661 1465,661 1463,653 1456,647 1437,648 1427,661 1409,661 1406,653 1393,645 1320,645 1314,649 1312,660 1245,662 1240,650 1227,649 1222,653 1215,647 1165,647 1155,650 1150,647 1139,647 1130,652 1128,659 1105,660 1070,658 1069,651 1064,646 1045,647 1039,656 948,656 942,654 939,645 920,645 917,649 914,645 893,645 889,654 873,654 870,645 847,645 844,653 791,653 788,645 766,645 762,653 721,655 715,646 698,646 694,656 641,655 637,646 615,646 611,655 516,658 513,646"/>
        <Word id="region0003_line0001_word0000" custom="readingOrder {index:0;} textStyle {offset:0; length:3;italic:true; fontSize:0.0; kerning:0;}">
          <Coords points="523,664 423,664 423,704 460,707 523,706"/>
          <TextEquiv>
            <Unicode>Was</Unicode>
          </TextEquiv>
        </Word>
        <Word id="region0003_line0001_word0001" custom="readingOrder {index:1;} textStyle {offset:0; length:3;italic:true; fontSize:0.0; kerning:0;}">
          <Coords points="632,662 545,662 545,705 632,704"/>
          <TextEquiv conf="0.8759743">
            <Unicode>vnd</Unicode>
          </TextEquiv>
        </Word>
        <Word id="region0003_line0001_word0002" custom="readingOrder {index:2;} textStyle {offset:0; length:3;italic:true; fontSize:0.0; kerning:0;}">
          <Coords points="657,662 731,661 731,703 657,704"/>
          <TextEquiv conf="0.91065633">
            <Unicode>wie</Unicode>
          </TextEquiv>
        </Word>
        <Word id="region0003_line0001_word0003" custom="readingOrder {index:3;} textStyle {offset:0; length:3;italic:true; fontSize:0.0; kerning:0;}">
          <Coords points="824,661 753,661 753,704 824,704"/>
          <TextEquiv conf="0.91369665">
            <Unicode>der</Unicode>
          </TextEquiv>
        </Word>
        <Word id="region0003_line0001_word0004" custom="readingOrder {index:4;} textStyle {offset:0; length:7;italic:true; fontSize:0.0; kerning:0;}">
          <Coords points="1007,658 849,658 849,704 916,705 945,706 947,715 949,717 1004,717 1006,716 1007,712"/>
          <TextEquiv conf="0.88814336">
            <Unicode>beklagt</Unicode>
          </TextEquiv>
        </Word>
        <Word id="region0003_line0001_word0005" custom="readingOrder {index:5;} textStyle {offset:0; length:5;italic:true; fontSize:0.0; kerning:0;}">
          <Coords points="1031,659 1031,704 1157,704 1157,659 1128,659 1105,660 1087,659"/>
          <TextEquiv>
            <Unicode>durch</Unicode>
          </TextEquiv>
        </Word>
        <Word id="region0003_line0001_word0006" custom="readingOrder {index:6;} textStyle {offset:0; length:6;italic:true; fontSize:0.0; kerning:0;}">
          <Coords points="1170,660 1170,718 1210,718 1213,712 1232,711 1313,711 1313,659 1312,659 1312,660 1245,662 1244,659"/>
          <TextEquiv conf="0.8812692">
            <Unicode>ſeinen</Unicode>
          </TextEquiv>
        </Word>
        <Word id="region0003_line0001_word0007" custom="readingOrder {index:7;} textStyle {offset:0; length:11;italic:true; fontSize:0.0; kerning:0;}">
          <Coords points="1338,658 1338,710 1401,710 1402,717 1469,717 1470,710 1605,708 1605,659 1596,660 1556,660 1555,658 1528,658 1528,660 1521,661 1465,661 1464,658 1429,658 1427,661 1409,661 1407,658"/>
          <TextEquiv>
            <Unicode>Fürſprechen</Unicode>
          </TextEquiv>
        </Word>
        <Word id="region0003_line0001_word0008" custom="readingOrder {index:8;} textStyle {offset:0; length:6;italic:true; fontSize:0.0; kerning:0;}">
          <Coords points="1628,658 1754,658 1754,704 1628,704"/>
          <TextEquiv conf="0.8933316">
            <Unicode>bitten</Unicode>
          </TextEquiv>
        </Word>
        <Word id="region0003_line0001_word0009" custom="readingOrder {index:9;} textStyle {offset:0; length:6;italic:true; fontSize:0.0; kerning:0;}">
          <Coords points="1777,657 1777,707 1790,707 1796,708 1802,716 1834,716 1843,709 1894,707 1894,657 1889,657"/>
          <TextEquiv conf="0.91942096">
            <Unicode>laſſen</Unicode>
          </TextEquiv>
        </Word>
        <TextEquiv>
          <Unicode>Was vnd wie der beklagt durch ſeinen Fürſprechen bitten laſſen</Unicode>
        </TextEquiv>
      </TextLine>
      <TextLine id="region0003_line0002" custom="readingOrder {index:1;}">
        <Coords points="1198,727 1035,728 1030,733 1030,766 1043,776 1155,778 1163,780 1168,787 1256,787 1258,762 1277,761 1282,756 1282,732 1277,727"/>
        <Baseline points="1031,767 1257,777"/>
        <Word id="region0003_line0002_word0000" custom="readingOrder {index:0;} textStyle {offset:0; length:4;italic:true; fontSize:0.0; kerning:0;}">
          <Coords points="1219,748 1106,748 1106,777 1155,778 1163,780 1168,787 1219,787"/>
          <TextEquiv>
            <Unicode>mag.</Unicode>
          </TextEquiv>
        </Word>
        <TextEquiv>
          <Unicode>mag.</Unicode>
        </TextEquiv>
      </TextLine>
      <TextEquiv>
        <Unicode>Was vnd wie der beklagt durch ſeinen Fürſprechen bitten laſſen&#13;
mag.</Unicode>
      </TextEquiv>
    </TextRegion>
    <TextRegion orientation="0.096103534" type="drop-capital" readingDirection="left-to-right" id="TextRegion_1682502187330_2520" custom="readingOrder {index:4;} structure {type:drop-capital;}">
      <Coords points="313,768 357,768 361,868 313,867"/>
      <TextLine id="line_1682502187376_2523" custom="readingOrder {index:0;}">
        <Coords points="328,787 343,788 351,796 353,807 359,807 360,860 314,861 313,802 318,801 319,794"/>
        <Baseline points="314,852 360,851"/>
        <Word id="word_1682502187377_2525" custom="readingOrder {index:0;}">
          <Coords points="328,787 343,788 351,796 353,807 359,807 360,844 319,844 318,799 319,794"/>
          <TextEquiv>
            <Unicode>I</Unicode>
          </TextEquiv>
        </Word>
        <TextEquiv>
          <Unicode>I</Unicode>
        </TextEquiv>
      </TextLine>
      <TextEquiv>
        <Unicode>I</Unicode>
      </TextEquiv>
    </TextRegion>
    <TextRegion orientation="0.096103534" readingDirection="left-to-right" id="TextRegion_1682502187330_2519" custom="readingOrder {index:5;}">
      <Coords points="357,768 1992,768 1992,1135 313,1135 313,867 361,868"/>
      <TextLine id="line_1682502187376_2522" custom="readingOrder {index:0;}">
        <Coords points="359,807 416,809 420,812 422,820 451,821 523,819 534,808 545,809 549,819 624,818 634,808 644,807 649,811 651,818 686,818 695,807 707,806 713,811 717,808 732,807 762,809 774,817 783,818 801,817 805,814 835,817 843,809 855,808 860,812 862,821 873,822 921,822 925,812 935,810 996,810 1023,813 1032,822 1058,819 1062,822 1078,822 1087,814 1097,814 1104,824 1108,825 1202,825 1218,812 1227,812 1232,816 1234,823 1240,823 1246,814 1259,813 1276,814 1282,824 1310,824 1321,814 1332,814 1346,818 1350,825 1460,825 1470,815 1519,814 1523,817 1537,816 1541,827 1550,827 1561,815 1570,815 1575,820 1576,827 1611,827 1617,821 1627,821 1632,817 1648,819 1653,815 1670,814 1694,815 1700,825 1760,826 1770,825 1775,817 1784,815 1838,814 1845,818 1847,824 1862,823 1874,812 1885,813 1889,823 1934,822 1940,812 1952,811 1958,821 1991,821 1992,863 1896,862 1826,866 1817,869 1798,868 1789,877 1776,877 1770,867 1727,869 1709,876 1686,867 1488,867 1467,874 1460,866 1454,865 1392,865 1380,866 1366,875 1333,875 1326,871 1324,866 1260,864 1253,874 1243,876 1233,871 1231,863 986,864 969,876 926,876 921,871 920,861 807,862 801,869 784,870 773,861 658,856 360,860"/>
        <Baseline points="360,851 672,845 784,853 1341,858 1992,853"/>
        <Word id="word_1682502187376_2524" custom="readingOrder {index:0;}">
          <Coords points="359,807 416,809 420,812 422,820 431,820 432,844 360,844"/>
          <TextEquiv>
            <Unicode>Tem</Unicode>
          </TextEquiv>
        </Word>
        <Word id="region0004_line0002_word0001" custom="readingOrder {index:1;} textStyle {offset:0; length:2;italic:true; fontSize:0.0; kerning:0;}">
          <Coords points="451,837 499,837 499,819 451,821"/>
          <TextEquiv conf="0.7551599">
            <Unicode>wo</Unicode>
          </TextEquiv>
        </Word>
        <Word id="region0004_line0002_word0002" custom="readingOrder {index:2;} textStyle {offset:0; length:4;italic:true; fontSize:0.0; kerning:0;}">
          <Coords points="519,834 605,834 605,818 549,819 545,809 534,808 523,819 519,819"/>
          <TextEquiv conf="0.91885155">
            <Unicode>dann</Unicode>
          </TextEquiv>
        </Word>
        <Word id="region0004_line0002_word0003" custom="readingOrder {index:3;} textStyle {offset:0; length:3;italic:true; fontSize:0.0; kerning:0;}">
          <Coords points="621,833 677,833 677,818 651,818 649,811 644,807 634,808 624,818 621,818"/>
          <TextEquiv conf="0.91074044">
            <Unicode>der</Unicode>
          </TextEquiv>
        </Word>
        <Word id="region0004_line0002_word0004" custom="readingOrder {index:4;} textStyle {offset:0; length:7;italic:true; fontSize:0.0; kerning:0;}">
          <Coords points="694,843 816,843 815,815 805,814 801,817 783,818 774,817 762,809 732,807 717,808 713,811 707,806 695,807 693,809"/>
          <TextEquiv>
            <Unicode>beklagt</Unicode>
          </TextEquiv>
        </Word>
        <Word id="region0004_line0002_word0005" custom="readingOrder {index:5;} textStyle {offset:0; length:3;italic:true; fontSize:0.0; kerning:0;}">
          <Coords points="831,832 887,832 887,822 873,822 862,821 860,812 855,808 843,809 835,817 831,816"/>
          <TextEquiv conf="0.92994255">
            <Unicode>der</Unicode>
          </TextEquiv>
        </Word>
        <Word id="region0004_line0002_word0006" custom="readingOrder {index:6;} textStyle {offset:0; length:9;italic:true; fontSize:0.0; kerning:0;}">
          <Coords points="906,846 1057,846 1056,819 1032,822 1023,813 996,810 935,810 925,812 921,822 905,822"/>
          <TextEquiv conf="0.9105832">
            <Unicode>miſſethat</Unicode>
          </TextEquiv>
        </Word>
        <Word id="region0004_line0002_word0007" custom="readingOrder {index:7;} textStyle {offset:0; length:6;italic:true; fontSize:0.0; kerning:0;}">
          <Coords points="1074,833 1195,833 1195,825 1108,825 1104,824 1097,814 1087,814 1078,822 1074,822"/>
          <TextEquiv conf="0.8410726">
            <Unicode>daruor</Unicode>
          </TextEquiv>
        </Word>
        <Word id="region0004_line0002_word0008" custom="readingOrder {index:8;} textStyle {offset:0; length:11;italic:true; fontSize:0.0; kerning:0;}">
          <Coords points="1214,843 1401,843 1400,825 1350,825 1346,818 1332,814 1321,814 1310,824 1282,824 1276,814 1259,813 1246,814 1240,823 1234,823 1232,816 1227,812 1218,812 1213,815"/>
          <TextEquiv conf="0.49191847">
            <Unicode>beſtendiger</Unicode>
          </TextEquiv>
        </Word>
        <Word id="region0004_line0002_word0009" custom="readingOrder {index:9;} textStyle {offset:0; length:5;italic:true; fontSize:0.0; kerning:0;}">
          <Coords points="1419,843 1505,843 1504,814 1470,815 1460,825 1418,825"/>
          <TextEquiv conf="0.79247946">
            <Unicode>weiſs</Unicode>
          </TextEquiv>
        </Word>
        <Word id="region0004_line0002_word0010" custom="readingOrder {index:10;} textStyle {offset:0; length:10;italic:true; fontSize:0.0; kerning:0;}">
          <Coords points="1521,832 1685,832 1685,814 1670,814 1653,815 1648,819 1632,817 1627,821 1617,821 1611,827 1576,827 1575,820 1570,815 1561,815 1550,827 1541,827 1537,816 1523,817 1521,815"/>
          <TextEquiv>
            <Unicode>bekentlich</Unicode>
          </TextEquiv>
        </Word>
        <Word id="region0004_line0002_word0011" custom="readingOrder {index:11;} textStyle {offset:0; length:7;italic:true; fontSize:0.0; kerning:0;}">
          <Coords points="1702,843 1825,842 1824,814 1784,815 1775,817 1770,825 1760,826 1701,825"/>
          <TextEquiv conf="0.8120597">
            <Unicode>geweſt,</Unicode>
          </TextEquiv>
        </Word>
        <Word id="region0004_line0002_word0012" custom="readingOrder {index:12;} textStyle {offset:0; length:4;italic:true; fontSize:0.0; kerning:0;}">
          <Coords points="1842,830 1914,830 1914,822 1889,823 1885,813 1874,812 1862,823 1847,824 1845,818 1842,816"/>
          <TextEquiv conf="0.8920744">
            <Unicode>oder</Unicode>
          </TextEquiv>
        </Word>
        <Word id="region0004_line0002_word0013" custom="readingOrder {index:13;} textStyle {offset:0; length:3;italic:true; fontSize:0.0; kerning:0;}">
          <Coords points="1929,830 1983,830 1983,821 1958,821 1952,811 1940,812 1934,822 1929,822"/>
          <TextEquiv conf="0.9285547">
            <Unicode>des</Unicode>
          </TextEquiv>
        </Word>
        <TextEquiv>
          <Unicode>Tem wo dann der beklagt der miſſethat daruor beſtendiger weiſs bekentlich geweſt, oder des</Unicode>
        </TextEquiv>
      </TextLine>
      <TextLine id="region0004_line0003" custom="readingOrder {index:1;}">
        <Coords points="639,858 612,859 601,872 542,872 537,861 525,861 517,870 502,870 498,873 445,871 438,861 426,861 417,871 314,872 314,919 342,918 360,921 375,913 383,922 433,922 438,920 442,913 448,912 563,911 602,912 604,918 625,917 629,911 851,914 919,919 964,916 1143,917 1148,919 1151,926 1171,923 1179,927 1198,926 1202,918 1208,916 1215,917 1221,926 1256,928 1272,926 1279,918 1287,917 1366,916 1447,917 1452,927 1460,929 1469,927 1475,918 1508,920 1517,928 1539,922 1600,918 1640,919 1645,921 1647,927 1669,920 1816,917 1819,926 1840,924 1844,918 1904,918 1908,924 1962,927 1966,917 1992,916 1992,876 1921,876 1919,869 1914,865 1904,866 1895,876 1884,876 1878,866 1849,866 1817,870 1801,869 1794,878 1765,880 1737,880 1735,871 1727,870 1714,876 1712,881 1708,876 1686,868 1633,868 1626,870 1622,877 1607,879 1491,879 1488,870 1471,875 1455,870 1448,878 1393,877 1388,867 1380,867 1365,877 1358,878 1283,877 1279,867 1264,866 1255,876 1138,879 1001,877 996,876 988,867 969,877 792,873 784,872 773,862 768,862 758,872 654,872 650,859"/>
        <Baseline points="314,911 549,900 1236,911 1992,906"/>
        <Word id="region0004_line0003_word0000" custom="readingOrder {index:0;} textStyle {offset:0; length:7;italic:true; fontSize:0.0; kerning:0;}">
          <Coords points="422,865 417,871 325,871 325,909 482,909 482,872 445,871 440,865"/>
          <TextEquiv>
            <Unicode>gnugſam</Unicode>
          </TextEquiv>
        </Word>
        <Word id="region0004_line0003_word0001" custom="readingOrder {index:1;} textStyle {offset:0; length:9;italic:true; fontSize:0.0; kerning:0;}">
          <Coords points="521,864 517,870 502,870 499,872 499,910 666,909 666,872 654,872 651,864 607,864 601,872 542,872 538,864"/>
          <TextEquiv>
            <Unicode>überwiſen</Unicode>
          </TextEquiv>
        </Word>
        <Word id="region0004_line0003_word0002" custom="readingOrder {index:2;} textStyle {offset:0; length:6;italic:true; fontSize:0.0; kerning:0;}">
          <Coords points="766,864 758,872 687,872 687,899 814,899 814,873 792,873 784,872 775,864"/>
          <TextEquiv conf="0.8306757">
            <Unicode>worden</Unicode>
          </TextEquiv>
        </Word>
        <Word id="region0004_line0003_word0003" custom="readingOrder {index:3;} textStyle {offset:0; length:5;italic:true; fontSize:0.0; kerning:0;}">
          <Coords points="831,877 929,877 929,905 831,905"/>
          <TextEquiv conf="0.5195003">
            <Unicode>were,</Unicode>
          </TextEquiv>
        </Word>
        <Word id="region0004_line0003_word0004" custom="readingOrder {index:4;} textStyle {offset:0; length:3;italic:true; fontSize:0.0; kerning:0;}">
          <Coords points="944,898 1003,898 1003,877 1001,877 996,876 988,867 969,877 944,876"/>
          <TextEquiv conf="0.85805887">
            <Unicode>wie</Unicode>
          </TextEquiv>
        </Word>
        <Word id="region0004_line0003_word0005" custom="readingOrder {index:5;} textStyle {offset:0; length:3;italic:true; fontSize:0.0; kerning:0;}">
          <Coords points="1019,899 1077,899 1077,878 1019,877"/>
          <TextEquiv conf="0.921018">
            <Unicode>vor</Unicode>
          </TextEquiv>
        </Word>
        <Word id="region0004_line0003_word0006" custom="readingOrder {index:6;} textStyle {offset:0; length:3;italic:true; fontSize:0.0; kerning:0;}">
          <Coords points="1090,898 1150,898 1150,878 1138,879 1090,878"/>
          <TextEquiv conf="0.90812147">
            <Unicode>von</Unicode>
          </TextEquiv>
        </Word>
        <Word id="region0004_line0003_word0007" custom="readingOrder {index:7;} textStyle {offset:0; length:9;italic:true; fontSize:0.0; kerning:0;}">
          <Coords points="1165,909 1355,908 1355,877 1283,877 1279,867 1264,866 1255,876 1165,878"/>
          <TextEquiv conf="0.8216119">
            <Unicode>gnugſamer</Unicode>
          </TextEquiv>
        </Word>
        <Word id="region0004_line0003_word0008" custom="readingOrder {index:8;} textStyle {offset:0; length:9;italic:true; fontSize:0.0; kerning:0;}">
          <Coords points="1372,908 1542,908 1542,879 1491,879 1488,870 1471,875 1455,870 1448,878 1393,877 1388,867 1380,867 1372,872"/>
          <TextEquiv>
            <Unicode>beweiſung</Unicode>
          </TextEquiv>
        </Word>
        <Word id="region0004_line0003_word0009" custom="readingOrder {index:9;} textStyle {offset:0; length:4;italic:true; fontSize:0.0; kerning:0;}">
          <Coords points="1559,897 1643,897 1643,868 1633,868 1626,870 1622,877 1607,879 1559,879"/>
          <TextEquiv conf="0.52627975">
            <Unicode>vnnd</Unicode>
          </TextEquiv>
        </Word>
        <Word id="region0004_line0003_word0010" custom="readingOrder {index:10;} textStyle {offset:0; length:7;italic:true; fontSize:0.0; kerning:0;}">
          <Coords points="1654,908 1781,908 1781,878 1765,880 1737,880 1735,871 1727,870 1714,876 1712,881 1708,876 1686,868 1654,868"/>
          <TextEquiv conf="0.8929896">
            <Unicode>ſolchem</Unicode>
          </TextEquiv>
        </Word>
        <Word id="region0004_line0003_word0011" custom="readingOrder {index:11;} textStyle {offset:0; length:11;italic:true; fontSize:0.0; kerning:0;}">
          <Coords points="1799,910 1985,909 1985,876 1921,876 1919,869 1914,865 1904,866 1895,876 1884,876 1878,866 1849,866 1817,870 1801,869 1799,871"/>
          <TextEquiv>
            <Unicode>beſtendigen</Unicode>
          </TextEquiv>
        </Word>
        <TextEquiv>
          <Unicode>gnugſam überwiſen worden were, wie vor von gnugſamer beweiſung vnnd ſolchem beſtendigen</Unicode>
        </TextEquiv>
      </TextLine>
      <TextLine id="region0004_line0004" custom="readingOrder {index:2;}">
        <Coords points="541,913 520,915 516,918 499,915 485,922 472,924 383,924 375,914 358,924 353,920 314,920 314,964 610,964 645,976 695,976 705,966 786,966 788,974 793,978 814,966 882,970 995,969 1008,979 1044,979 1055,974 1063,974 1068,969 1080,968 1683,972 1992,970 1992,929 1925,927 1908,925 1903,920 1894,920 1885,927 1871,930 1842,931 1840,925 1830,925 1818,927 1816,931 1802,933 1745,930 1741,927 1721,928 1716,924 1704,926 1700,921 1668,922 1629,931 1619,931 1617,924 1610,920 1539,923 1522,930 1402,928 1396,918 1386,918 1375,928 1306,930 1297,918 1287,919 1277,929 1176,928 1171,924 1150,928 1144,921 1134,921 1126,930 946,930 944,921 935,918 919,920 870,916 783,916 759,923 740,923 736,920 717,923 710,914 696,914 688,924 650,924 626,923 625,918 604,919 601,924 588,924 583,915 572,914 564,924 557,923 549,913"/>
        <Baseline points="314,954 618,953 656,964 703,956 1029,965 1070,958 1992,959"/>
        <Word id="region0004_line0004_word0000" custom="readingOrder {index:0;} textStyle {offset:0; length:8;italic:true; fontSize:0.0; kerning:0;}">
          <Coords points="327,922 327,955 478,955 478,923 472,924 383,924 381,922 361,922 358,924 355,922"/>
          <TextEquiv conf="0.92685354">
            <Unicode>bekennen</Unicode>
          </TextEquiv>
        </Word>
        <Word id="region0004_line0004_word0001" custom="readingOrder {index:1;} textStyle {offset:0; length:8;italic:true; fontSize:0.0; kerning:0;}">
          <Coords points="496,920 496,954 624,953 624,919 603,919 601,924 588,924 585,919 567,919 564,924 557,923 554,919"/>
          <TextEquiv>
            <Unicode>klärlich</Unicode>
          </TextEquiv>
        </Word>
        <Word id="region0004_line0004_word0002" custom="readingOrder {index:2;} textStyle {offset:0; length:7;italic:true; fontSize:0.0; kerning:0;}">
          <Coords points="692,919 688,924 650,924 648,923 648,964 772,964 772,919 759,923 740,923 736,920 717,923 713,919"/>
          <TextEquiv>
            <Unicode>geſatzt</Unicode>
          </TextEquiv>
        </Word>
        <Word id="region0004_line0004_word0003" custom="readingOrder {index:3;} textStyle {offset:0; length:4;italic:true; fontSize:0.0; kerning:0;}">
          <Coords points="790,921 834,921 834,965 790,965"/>
          <TextEquiv conf="0.9129807">
            <Unicode>iſt.</Unicode>
          </TextEquiv>
        </Word>
        <Word id="region0004_line0004_word0004" custom="readingOrder {index:4;} textStyle {offset:0; length:2;italic:true; fontSize:0.0; kerning:0;}">
          <Coords points="890,921 935,921 935,953 890,953"/>
          <TextEquiv conf="0.909044">
            <Unicode>So</Unicode>
          </TextEquiv>
        </Word>
        <Word id="region0004_line0004_word0005" custom="readingOrder {index:5;} textStyle {offset:0; length:3;italic:true; fontSize:0.0; kerning:0;}">
          <Coords points="959,962 1035,962 1035,930 959,930"/>
          <TextEquiv conf="0.8982116">
            <Unicode>mag</Unicode>
          </TextEquiv>
        </Word>
        <Word id="region0004_line0004_word0006" custom="readingOrder {index:6;} textStyle {offset:0; length:2;italic:true; fontSize:0.0; kerning:0;}">
          <Coords points="1059,931 1094,931 1094,951 1059,951"/>
          <TextEquiv conf="0.9215402">
            <Unicode>er</Unicode>
          </TextEquiv>
        </Word>
        <Word id="region0004_line0004_word0007" custom="readingOrder {index:7;} textStyle {offset:0; length:6;italic:true; fontSize:0.0; kerning:0;}">
          <Coords points="1109,952 1208,951 1208,928 1176,928 1171,924 1150,928 1144,921 1134,921 1126,930 1109,930"/>
          <TextEquiv conf="0.88198006">
            <Unicode>nichts</Unicode>
          </TextEquiv>
        </Word>
        <Word id="region0004_line0004_word0008" custom="readingOrder {index:8;} textStyle {offset:0; length:6;italic:true; fontSize:0.0; kerning:0;}">
          <Coords points="1287,919 1277,929 1229,928 1229,952 1346,952 1346,928 1306,930 1297,919"/>
          <TextEquiv conf="0.7713928">
            <Unicode>anders</Unicode>
          </TextEquiv>
        </Word>
        <Word id="region0004_line0004_word0009" custom="readingOrder {index:9;} textStyle {offset:0; length:4;italic:true; fontSize:0.0; kerning:0;}">
          <Coords points="1386,918 1375,928 1371,928 1371,952 1459,952 1459,928 1402,928 1396,918"/>
          <TextEquiv>
            <Unicode>dann</Unicode>
          </TextEquiv>
        </Word>
        <Word id="region0004_line0004_word0010" custom="readingOrder {index:10;} textStyle {offset:0; length:3;italic:true; fontSize:0.0; kerning:0;}">
          <Coords points="1476,953 1546,953 1546,922 1539,923 1522,930 1476,929"/>
          <TextEquiv conf="0.8844755">
            <Unicode>vmb</Unicode>
          </TextEquiv>
        </Word>
        <Word id="region0004_line0004_word0011" custom="readingOrder {index:11;} textStyle {offset:0; length:4;italic:true; fontSize:0.0; kerning:0;}">
          <Coords points="1569,953 1662,953 1662,923 1629,931 1619,931 1617,924 1610,920 1569,921"/>
          <TextEquiv>
            <Unicode>Gnad</Unicode>
          </TextEquiv>
        </Word>
        <Word id="region0004_line0004_word0012" custom="readingOrder {index:12;} textStyle {offset:0; length:6;italic:true; fontSize:0.0; kerning:0;}">
          <Coords points="1684,953 1778,953 1778,931 1745,930 1741,927 1721,928 1716,924 1704,926 1700,921 1684,921"/>
          <TextEquiv>
            <Unicode>bitten</Unicode>
          </TextEquiv>
        </Word>
        <Word id="region0004_line0004_word0013" custom="readingOrder {index:13;} textStyle {offset:0; length:4;italic:true; fontSize:0.0; kerning:0;}">
          <Coords points="1794,953 1868,952 1868,930 1842,931 1840,925 1830,925 1818,927 1816,931 1802,933 1794,932"/>
          <TextEquiv conf="0.9197223">
            <Unicode>oder</Unicode>
          </TextEquiv>
        </Word>
        <Word id="region0004_line0004_word0014" custom="readingOrder {index:14;} textStyle {offset:0; length:6;italic:true; fontSize:0.0; kerning:0;}">
          <Coords points="1891,952 1986,952 1986,928 1925,927 1908,925 1903,920 1894,920 1891,922"/>
          <TextEquiv conf="0.92001456">
            <Unicode>bitten</Unicode>
          </TextEquiv>
        </Word>
        <TextEquiv>
          <Unicode>bekennen klärlich geſatzt iſt. So mag er nichts anders dann vmb Gnad bitten oder bitten</Unicode>
        </TextEquiv>
      </TextLine>
      <TextLine id="region0004_line0005" custom="readingOrder {index:3;}">
        <Coords points="381,964 314,968 314,1016 343,1016 345,1024 355,1029 372,1027 381,1016 419,1018 438,1023 444,1019 473,1017 559,1016 796,1018 810,1032 841,1031 845,1021 955,1021 961,1031 973,1032 984,1021 1009,1020 1203,1021 1223,1022 1227,1025 1239,1022 1324,1019 1579,1022 1581,1030 1585,1033 1626,1033 1633,1031 1638,1024 1665,1025 1669,1031 1675,1033 1709,1032 1718,1023 1951,1024 1966,1025 1971,1029 1992,1026 1992,980 1966,978 1932,983 1899,983 1897,976 1892,972 1882,973 1868,986 1866,978 1858,972 1807,981 1793,981 1787,974 1777,974 1771,979 1760,981 1679,984 1524,982 1519,975 1506,972 1495,972 1485,981 1317,981 1315,973 1311,970 1298,971 1290,981 1255,981 1250,977 1229,977 1225,974 1203,979 1152,981 1148,971 1135,971 1126,981 1120,981 1114,971 1102,970 1093,978 1055,975 1044,980 1008,982 995,970 961,971 950,979 911,976 907,979 891,980 889,974 881,970 818,967 807,971 796,980 744,980 719,979 718,972 713,967 705,967 693,978 640,978 633,971 621,969 613,977 557,977 535,974 531,971 508,972 488,977 484,966 472,965 464,973 462,980 451,981 446,977 413,977 412,969 407,964"/>
        <Baseline points="314,1007 1992,1016"/>
        <Word id="region0004_line0005_word0000" custom="readingOrder {index:0;} textStyle {offset:0; length:7;italic:true; fontSize:0.0; kerning:0;}">
          <Coords points="326,970 326,1016 343,1016 343,1017 380,1017 381,1016 400,1017 441,1017 441,977 413,977 412,970"/>
          <TextEquiv conf="0.7723526">
            <Unicode>laſſen,</Unicode>
          </TextEquiv>
        </Word>
        <Word id="region0004_line0005_word0001" custom="readingOrder {index:1;} textStyle {offset:0; length:4;italic:true; fontSize:0.0; kerning:0;}">
          <Coords points="467,970 467,1004 530,1004 530,971 508,972 488,977 485,970"/>
          <TextEquiv conf="0.88951594">
            <Unicode>hett</Unicode>
          </TextEquiv>
        </Word>
        <Word id="region0004_line0005_word0002" custom="readingOrder {index:2;} textStyle {offset:0; length:2;italic:true; fontSize:0.0; kerning:0;}">
          <Coords points="548,983 582,983 582,1004 548,1004"/>
          <TextEquiv conf="0.92531836">
            <Unicode>er</Unicode>
          </TextEquiv>
        </Word>
        <Word id="region0004_line0005_word0003" custom="readingOrder {index:3;} textStyle {offset:0; length:4;italic:true; fontSize:0.0; kerning:0;}">
          <Coords points="618,971 613,977 597,977 597,1005 673,1004 673,978 640,978 633,971"/>
          <TextEquiv conf="0.8888477">
            <Unicode>aber</Unicode>
          </TextEquiv>
        </Word>
        <Word id="region0004_line0005_word0004" custom="readingOrder {index:4;} textStyle {offset:0; length:3;italic:true; fontSize:0.0; kerning:0;}">
          <Coords points="701,970 693,978 690,978 690,1005 745,1005 745,980 744,980 719,979 718,972 716,970"/>
          <TextEquiv conf="0.87127256">
            <Unicode>der</Unicode>
          </TextEquiv>
        </Word>
        <Word id="region0004_line0005_word0005" custom="readingOrder {index:5;} textStyle {offset:0; length:9;italic:true; fontSize:0.0; kerning:0;}">
          <Coords points="809,970 807,971 796,980 770,980 770,1017 922,1017 922,976 911,976 907,979 891,980 889,974 881,970"/>
          <TextEquiv conf="0.87257">
            <Unicode>miſſethat</Unicode>
          </TextEquiv>
        </Word>
        <Word id="region0004_line0005_word0006" custom="readingOrder {index:6;} textStyle {offset:0; length:4;italic:true; fontSize:0.0; kerning:0;}">
          <Coords points="961,971 950,979 940,978 940,1016 1002,1016 1002,976 996,971"/>
          <TextEquiv conf="0.92907274">
            <Unicode>alſo</Unicode>
          </TextEquiv>
        </Word>
        <Word id="region0004_line0005_word0007" custom="readingOrder {index:7;} textStyle {offset:0; length:3;italic:true; fontSize:0.0; kerning:0;}">
          <Coords points="1025,1004 1072,1004 1072,976 1055,975 1044,980 1025,981"/>
          <TextEquiv conf="0.87336206">
            <Unicode>nit</Unicode>
          </TextEquiv>
        </Word>
        <Word id="region0004_line0005_word0008" custom="readingOrder {index:8;} textStyle {offset:0; length:8;italic:true; fontSize:0.0; kerning:0;}">
          <Coords points="1100,970 1097,974 1097,1009 1239,1008 1239,977 1229,977 1225,974 1203,979 1152,981 1148,971 1135,971 1126,981 1120,981 1114,971 1112,970"/>
          <TextEquiv conf="0.92875856">
            <Unicode>bekennt,</Unicode>
          </TextEquiv>
        </Word>
        <Word id="region0004_line0005_word0009" custom="readingOrder {index:9;} textStyle {offset:0; length:4;italic:true; fontSize:0.0; kerning:0;}">
          <Coords points="1268,1002 1342,1002 1342,981 1317,981 1315,973 1311,970 1298,971 1290,981 1268,981"/>
          <TextEquiv conf="0.9017771">
            <Unicode>oder</Unicode>
          </TextEquiv>
        </Word>
        <Word id="region0004_line0005_word0010" custom="readingOrder {index:10;} textStyle {offset:0; length:2;italic:true; fontSize:0.0; kerning:0;}">
          <Coords points="1360,981 1407,981 1407,1002 1360,1002"/>
          <TextEquiv conf="0.8262925">
            <Unicode>wo</Unicode>
          </TextEquiv>
        </Word>
        <Word id="region0004_line0005_word0011" custom="readingOrder {index:11;} textStyle {offset:0; length:2;italic:true; fontSize:0.0; kerning:0;}">
          <Coords points="1426,1001 1461,1001 1461,981 1426,981"/>
          <TextEquiv conf="0.8893558">
            <Unicode>er</Unicode>
          </TextEquiv>
        </Word>
        <Word id="region0004_line0005_word0012" custom="readingOrder {index:12;} textStyle {offset:0; length:3;italic:true; fontSize:0.0; kerning:0;}">
          <Coords points="1482,1003 1531,1003 1531,982 1524,982 1519,975 1506,972 1495,972 1485,981 1482,981"/>
          <TextEquiv conf="0.91709733">
            <Unicode>die</Unicode>
          </TextEquiv>
        </Word>
        <Word id="region0004_line0005_word0013" custom="readingOrder {index:13;} textStyle {offset:0; length:9;italic:true; fontSize:0.0; kerning:0;}">
          <Coords points="1552,1012 1737,1012 1737,981 1679,984 1552,982"/>
          <TextEquiv>
            <Unicode>angezogen</Unicode>
          </TextEquiv>
        </Word>
        <Word id="region0004_line0005_word0014" custom="readingOrder {index:14;} textStyle {offset:0; length:4;italic:true; fontSize:0.0; kerning:0;}">
          <Coords points="1760,1002 1829,1001 1829,977 1807,981 1793,981 1787,974 1777,974 1771,979 1760,981"/>
          <TextEquiv conf="0.9221199">
            <Unicode>that</Unicode>
          </TextEquiv>
        </Word>
        <Word id="region0004_line0005_word0015" custom="readingOrder {index:15;} textStyle {offset:0; length:8;italic:true; fontSize:0.0; kerning:0;}">
          <Coords points="1844,1008 1985,1008 1985,979 1966,978 1932,983 1899,983 1897,976 1892,972 1882,973 1868,986 1866,978 1858,972 1844,974"/>
          <TextEquiv conf="0.8958551">
            <Unicode>bekannt,</Unicode>
          </TextEquiv>
        </Word>
        <TextEquiv>
          <Unicode>laſſen, hett er aber der miſſethat alſo nit bekennt, oder wo er die angezogen that bekannt,</Unicode>
        </TextEquiv>
      </TextLine>
      <TextLine id="region0004_line0006" custom="readingOrder {index:4;}">
        <Coords points="473,1018 462,1026 460,1032 440,1031 437,1023 427,1020 418,1022 414,1030 314,1029 314,1067 579,1071 584,1072 591,1081 603,1081 612,1072 634,1071 725,1072 731,1077 745,1080 753,1072 853,1071 855,1080 862,1084 875,1082 882,1073 921,1072 1076,1072 1122,1076 1164,1073 1478,1074 1490,1069 1497,1085 1502,1085 1515,1075 1623,1074 1634,1075 1640,1084 1659,1080 1661,1075 1809,1074 1821,1086 1831,1084 1838,1075 1872,1076 1874,1083 1888,1083 1893,1086 1921,1084 1925,1076 1992,1076 1992,1033 1968,1031 1945,1035 1941,1025 1814,1025 1804,1028 1800,1037 1778,1037 1773,1026 1762,1025 1750,1037 1746,1029 1732,1027 1722,1028 1715,1036 1606,1036 1556,1033 1554,1027 1546,1023 1486,1023 1481,1028 1481,1034 1477,1035 1470,1023 1460,1022 1449,1034 1322,1034 1320,1026 1315,1022 1303,1023 1295,1033 1268,1033 1255,1032 1251,1023 1239,1023 1232,1026 1228,1032 1224,1032 1192,1032 1186,1022 1177,1022 1166,1032 1149,1032 1144,1028 1123,1027 1087,1030 1083,1024 1073,1021 1041,1023 1026,1027 1017,1021 1009,1021 992,1033 949,1032 943,1022 933,1022 923,1032 915,1032 907,1023 882,1023 871,1032 810,1033 796,1021 783,1032 769,1032 761,1021 748,1022 740,1032 675,1032 674,1024 669,1019 656,1021 646,1018 600,1019 596,1022 594,1030 549,1030 542,1029 535,1018 514,1020 506,1027 492,1028 488,1028 482,1019"/>
        <Baseline points="314,1056 1992,1066"/>
        <Word id="region0004_line0006_word0000" custom="readingOrder {index:0;} textStyle {offset:0; length:3;italic:true; fontSize:0.0; kerning:0;}">
          <Coords points="325,1038 389,1038 389,1059 325,1059"/>
          <TextEquiv conf="0.6086952">
            <Unicode>vnn</Unicode>
          </TextEquiv>
        </Word>
        <Word id="region0004_line0006_word0001" custom="readingOrder {index:1;} textStyle {offset:0; length:9;italic:true; fontSize:0.0; kerning:0;}">
          <Coords points="416,1026 414,1030 410,1029 410,1061 577,1061 577,1030 549,1030 542,1029 540,1026 507,1026 506,1027 492,1028 488,1028 486,1026 462,1026 460,1032 440,1031 438,1026"/>
          <TextEquiv>
            <Unicode>derhalben</Unicode>
          </TextEquiv>
        </Word>
        <Word id="region0004_line0006_word0002" custom="readingOrder {index:2;} textStyle {offset:0; length:6;italic:true; fontSize:0.0; kerning:0;}">
          <Coords points="595,1025 594,1030 594,1071 690,1070 690,1032 675,1032 674,1025"/>
          <TextEquiv conf="0.8461972">
            <Unicode>ſolche</Unicode>
          </TextEquiv>
        </Word>
        <Word id="region0004_line0006_word0003" custom="readingOrder {index:3;} textStyle {offset:0; length:8;italic:true; fontSize:0.0; kerning:0;}">
          <Coords points="744,1026 740,1032 703,1032 703,1071 847,1071 847,1032 810,1033 801,1026 790,1026 783,1032 769,1032 764,1026"/>
          <TextEquiv conf="0.8339787">
            <Unicode>vrſachen</Unicode>
          </TextEquiv>
        </Word>
        <Word id="region0004_line0006_word0004" custom="readingOrder {index:4;} textStyle {offset:0; length:9;italic:true; fontSize:0.0; kerning:0;}">
          <Coords points="879,1025 871,1032 863,1032 863,1071 1036,1071 1036,1025 1033,1025 1026,1027 1023,1025 1003,1025 992,1033 949,1032 944,1025 930,1025 923,1032 915,1032 908,1025"/>
          <TextEquiv>
            <Unicode>fürbracht</Unicode>
          </TextEquiv>
        </Word>
        <Word id="region0004_line0006_word0005" custom="readingOrder {index:5;} textStyle {offset:0; length:5;italic:true; fontSize:0.0; kerning:0;}">
          <Coords points="1058,1025 1058,1066 1137,1066 1137,1027 1123,1027 1087,1030 1083,1025"/>
          <TextEquiv conf="0.9022909">
            <Unicode>hett,</Unicode>
          </TextEquiv>
        </Word>
        <Word id="region0004_line0006_word0006" custom="readingOrder {index:6;} textStyle {offset:0; length:8;italic:true; fontSize:0.0; kerning:0;}">
          <Coords points="1172,1025 1166,1032 1162,1032 1162,1060 1320,1059 1320,1026 1318,1025 1301,1025 1295,1033 1268,1033 1255,1032 1252,1025 1233,1025 1232,1026 1228,1032 1224,1032 1192,1032 1188,1025"/>
          <TextEquiv conf="0.86468387">
            <Unicode>dardurch</Unicode>
          </TextEquiv>
        </Word>
        <Word id="region0004_line0006_word0007" custom="readingOrder {index:7;} textStyle {offset:0; length:2;italic:true; fontSize:0.0; kerning:0;}">
          <Coords points="1342,1037 1376,1037 1376,1058 1342,1058"/>
          <TextEquiv conf="0.7857848">
            <Unicode>er</Unicode>
          </TextEquiv>
        </Word>
        <Word id="region0004_line0006_word0008" custom="readingOrder {index:8;} textStyle {offset:0; length:9;italic:true; fontSize:0.0; kerning:0;}">
          <Coords points="1458,1024 1449,1034 1398,1034 1398,1070 1487,1070 1490,1069 1490,1070 1547,1070 1547,1024 1485,1024 1481,1028 1481,1034 1477,1035 1470,1024"/>
          <TextEquiv>
            <Unicode>verhoffet</Unicode>
          </TextEquiv>
        </Word>
        <Word id="region0004_line0006_word0009" custom="readingOrder {index:9;} textStyle {offset:0; length:3;italic:true; fontSize:0.0; kerning:0;}">
          <Coords points="1563,1036 1623,1036 1623,1058 1563,1058"/>
          <TextEquiv conf="0.9098687">
            <Unicode>von</Unicode>
          </TextEquiv>
        </Word>
        <Word id="region0004_line0006_word0010" custom="readingOrder {index:10;} textStyle {offset:0; length:10;italic:true; fontSize:0.0; kerning:0;}">
          <Coords points="1644,1067 1812,1066 1812,1025 1804,1028 1800,1037 1778,1037 1773,1026 1762,1025 1750,1037 1746,1029 1732,1027 1722,1028 1715,1036 1644,1036"/>
          <TextEquiv>
            <Unicode>peinlicher</Unicode>
          </TextEquiv>
        </Word>
        <Word id="region0004_line0006_word0011" custom="readingOrder {index:11;} textStyle {offset:0; length:6;italic:true; fontSize:0.0; kerning:0;}">
          <Coords points="1819,1069 1920,1069 1920,1025 1819,1025"/>
          <TextEquiv conf="0.92352325">
            <Unicode>ſtraff</Unicode>
          </TextEquiv>
        </Word>
        <Word id="region0004_line0006_word0012" custom="readingOrder {index:12;} textStyle {offset:0; length:4;italic:true; fontSize:0.0; kerning:0;}">
          <Coords points="1928,1030 1928,1057 1988,1057 1988,1032 1968,1031 1945,1035 1943,1030"/>
          <TextEquiv conf="0.9120443">
            <Unicode>ent-</Unicode>
          </TextEquiv>
        </Word>
        <TextEquiv>
          <Unicode>vnn derhalben ſolche vrſachen fürbracht hett, dardurch er verhoffet von peinlicher ſtraff ent-</Unicode>
        </TextEquiv>
      </TextLine>
      <TextLine id="region0004_line0007" custom="readingOrder {index:5;}">
        <Coords points="314,1069 314,1133 353,1132 359,1130 366,1122 424,1123 425,1130 430,1135 472,1135 479,1133 484,1125 649,1124 673,1127 691,1134 736,1134 741,1126 777,1124 801,1125 807,1134 856,1134 865,1127 876,1125 1002,1125 1007,1135 1024,1135 1031,1125 1104,1125 1179,1126 1181,1135 1235,1134 1238,1125 1435,1125 1486,1127 1488,1135 1546,1135 1548,1127 1571,1129 1576,1133 1584,1133 1591,1129 1634,1127 1719,1127 1859,1128 1861,1134 1939,1134 1942,1131 1956,1130 1963,1120 1972,1120 1977,1115 1977,1089 1972,1084 1821,1087 1810,1077 1801,1080 1795,1090 1786,1093 1780,1089 1708,1088 1706,1080 1702,1077 1688,1079 1682,1088 1663,1088 1660,1081 1642,1084 1640,1088 1551,1088 1550,1081 1545,1076 1515,1076 1502,1086 1497,1086 1490,1070 1478,1075 1479,1082 1476,1085 1468,1086 1433,1083 1429,1080 1406,1080 1402,1077 1389,1079 1384,1074 1373,1075 1364,1085 1352,1086 1308,1086 1307,1079 1302,1074 1289,1076 1281,1086 1232,1085 1225,1076 1210,1077 1202,1086 1192,1086 1183,1074 1121,1077 1119,1085 1068,1086 1061,1076 1046,1079 1041,1073 1009,1073 985,1074 975,1084 964,1085 937,1085 932,1075 920,1074 910,1084 886,1086 748,1086 747,1081 725,1075 717,1087 703,1088 698,1084 644,1084 643,1077 638,1072 627,1073 618,1083 543,1084 481,1081 477,1078 448,1081 443,1075 429,1071 420,1071 413,1076 408,1072 399,1072 392,1080 390,1073 381,1069"/>
        <Baseline points="314,1123 357,1113 701,1120 1662,1117 1863,1118 1895,1125 1973,1119"/>
        <Word id="region0004_line0007_word0000" custom="readingOrder {index:0;} textStyle {offset:0; length:9;italic:true; fontSize:0.0; kerning:0;}">
          <Coords points="319,1077 319,1123 365,1123 366,1122 424,1123 476,1123 476,1078 448,1081 444,1077 394,1077 392,1080 391,1077"/>
          <TextEquiv>
            <Unicode>ſchuldigt</Unicode>
          </TextEquiv>
        </Word>
        <Word id="region0004_line0007_word0001" custom="readingOrder {index:1;} textStyle {offset:0; length:2;italic:true; fontSize:0.0; kerning:0;}">
          <Coords points="491,1089 534,1089 534,1112 491,1112"/>
          <TextEquiv>
            <Unicode>zu</Unicode>
          </TextEquiv>
        </Word>
        <Word id="region0004_line0007_word0002" custom="readingOrder {index:2;} textStyle {offset:0; length:7;italic:true; fontSize:0.0; kerning:0;}">
          <Coords points="624,1076 618,1083 550,1084 550,1117 691,1116 691,1084 644,1084 643,1077 642,1076"/>
          <TextEquiv>
            <Unicode>werden,</Unicode>
          </TextEquiv>
        </Word>
        <Word id="region0004_line0007_word0003" custom="readingOrder {index:3;} textStyle {offset:0; length:2;italic:true; fontSize:0.0; kerning:0;}">
          <Coords points="724,1076 717,1087 712,1087 712,1121 749,1121 749,1086 748,1086 747,1081 728,1076"/>
          <TextEquiv conf="0.89374024">
            <Unicode>ſo</Unicode>
          </TextEquiv>
        </Word>
        <Word id="region0004_line0007_word0004" custom="readingOrder {index:4;} textStyle {offset:0; length:3;italic:true; fontSize:0.0; kerning:0;}">
          <Coords points="766,1086 841,1086 841,1119 766,1119"/>
          <TextEquiv>
            <Unicode>mag</Unicode>
          </TextEquiv>
        </Word>
        <Word id="region0004_line0007_word0005" custom="readingOrder {index:5;} textStyle {offset:0; length:2;italic:true; fontSize:0.0; kerning:0;}">
          <Coords points="857,1089 890,1089 890,1111 857,1111"/>
          <TextEquiv conf="0.7414311">
            <Unicode>er</Unicode>
          </TextEquiv>
        </Word>
        <Word id="region0004_line0007_word0006" custom="readingOrder {index:6;} textStyle {offset:0; length:5;italic:true; fontSize:0.0; kerning:0;}">
          <Coords points="918,1076 910,1084 906,1084 906,1111 1000,1111 1000,1076 983,1076 975,1084 964,1085 937,1085 932,1076"/>
          <TextEquiv conf="0.9171296">
            <Unicode>durch</Unicode>
          </TextEquiv>
        </Word>
        <Word id="region0004_line0007_word0007" custom="readingOrder {index:7;} textStyle {offset:0; length:6;italic:true; fontSize:0.0; kerning:0;}">
          <Coords points="1012,1077 1012,1122 1119,1122 1119,1085 1068,1086 1061,1077 1056,1077 1046,1079 1044,1077"/>
          <TextEquiv conf="0.9116328">
            <Unicode>ſeinen</Unicode>
          </TextEquiv>
        </Word>
        <Word id="region0004_line0007_word0008" custom="readingOrder {index:8;} textStyle {offset:0; length:11;italic:true; fontSize:0.0; kerning:0;}">
          <Coords points="1135,1077 1135,1123 1345,1122 1345,1086 1308,1086 1307,1079 1304,1076 1288,1076 1281,1086 1232,1085 1225,1076 1215,1076 1210,1077 1202,1086 1192,1086 1185,1076"/>
          <TextEquiv>
            <Unicode>Fürſprechen</Unicode>
          </TextEquiv>
        </Word>
        <Word id="region0004_line0007_word0009" custom="readingOrder {index:9;} textStyle {offset:0; length:6;italic:true; fontSize:0.0; kerning:0;}">
          <Coords points="1372,1076 1370,1078 1370,1109 1465,1109 1465,1085 1433,1083 1429,1080 1406,1080 1402,1077 1389,1079 1386,1076"/>
          <TextEquiv conf="0.9072145">
            <Unicode>bitten</Unicode>
          </TextEquiv>
        </Word>
        <Word id="region0004_line0007_word0010" custom="readingOrder {index:10;} textStyle {offset:0; length:7;italic:true; fontSize:0.0; kerning:0;}">
          <Coords points="1479,1122 1589,1122 1589,1088 1551,1088 1550,1081 1545,1076 1515,1076 1502,1086 1497,1086 1490,1070 1479,1074 1479,1082"/>
          <TextEquiv conf="0.7300638">
            <Unicode>laſſen,</Unicode>
          </TextEquiv>
        </Word>
        <Word id="region0004_line0007_word0011" custom="readingOrder {index:11;} textStyle {offset:0; length:3;italic:true; fontSize:0.0; kerning:0;}">
          <Coords points="1612,1110 1669,1110 1669,1088 1663,1088 1660,1081 1642,1084 1640,1088 1612,1088"/>
          <TextEquiv conf="0.7773715">
            <Unicode>wie</Unicode>
          </TextEquiv>
        </Word>
        <Word id="region0004_line0007_word0012" custom="readingOrder {index:12;} textStyle {offset:0; length:7;italic:true; fontSize:0.0; kerning:0;}">
          <Coords points="1687,1109 1820,1108 1820,1086 1810,1077 1801,1080 1795,1090 1786,1093 1780,1089 1708,1088 1706,1080 1702,1077 1688,1079 1687,1080"/>
          <TextEquiv>
            <Unicode>hernach</Unicode>
          </TextEquiv>
        </Word>
        <Word id="region0004_line0007_word0013" custom="readingOrder {index:13;} textStyle {offset:0; length:6;italic:true; fontSize:0.0; kerning:0;}">
          <Coords points="1836,1118 1932,1118 1932,1084 1836,1086"/>
          <TextEquiv conf="0.8087608">
            <Unicode>volgt.</Unicode>
          </TextEquiv>
        </Word>
        <TextEquiv>
          <Unicode>ſchuldigt zu werden, ſo mag er durch ſeinen Fürſprechen bitten laſſen, wie hernach volgt.</Unicode>
        </TextEquiv>
      </TextLine>
      <TextEquiv>
        <Unicode>Tem wo dann der beklagt der miſſethat daruor beſtendiger weiſs bekentlich geweſt, oder des&#13;
gnugſam überwiſen worden were, wie vor von gnugſamer beweiſung vnnd ſolchem beſtendigen&#13;
bekennen klärlich geſatzt iſt. So mag er nichts anders dann vmb Gnad bitten oder bitten&#13;
laſſen, hett er aber der miſſethat alſo nit bekennt, oder wo er die angezogen that bekannt,&#13;
vnn derhalben ſolche vrſachen fürbracht hett, dardurch er verhoffet von peinlicher ſtraff ent-&#13;
ſchuldigt zu werden, ſo mag er durch ſeinen Fürſprechen bitten laſſen, wie hernach volgt.</Unicode>
      </TextEquiv>
    </TextRegion>
    <TextRegion orientation="0.096103534" readingDirection="left-to-right" id="region0005" custom="readingOrder {index:6;}">
      <Coords points="315,1179 1990,1179 1990,1288 315,1288"/>
      <TextLine id="region0005_line0001" custom="readingOrder {index:0;}">
        <Coords points="435,1180 434,1198 429,1203 429,1224 434,1229 786,1228 800,1239 808,1237 815,1227 982,1229 998,1231 1003,1237 1017,1234 1027,1236 1035,1230 1048,1228 1318,1228 1324,1238 1338,1238 1349,1229 1425,1230 1431,1239 1437,1240 1446,1239 1453,1230 1542,1233 1547,1239 1553,1240 1562,1238 1568,1232 1585,1230 1765,1230 1777,1231 1781,1239 1788,1241 1831,1239 1839,1232 1853,1230 1944,1232 1951,1225 1955,1225 1963,1232 1989,1232 1989,1192 1949,1192 1947,1185 1942,1181 1932,1181 1922,1191 1903,1191 1896,1183 1886,1183 1876,1191 1868,1189 1862,1179 1853,1179 1845,1185 1822,1185 1811,1188 1787,1189 1782,1188 1776,1181 1767,1181 1762,1185 1756,1180 1748,1180 1730,1190 1725,1180 1711,1180 1701,1190 1662,1190 1658,1180 1533,1180 1529,1185 1514,1185 1498,1180 1375,1179 1367,1181 1362,1189 1316,1189 1296,1185 1291,1180 1281,1180 1275,1185 1268,1186 1262,1186 1256,1180 1245,1180 1234,1187 1228,1180 1191,1187 1186,1180 1170,1180 1162,1187 1148,1189 1100,1189 1093,1180 1081,1181 1073,1189 1017,1189 1013,1181 1001,1180 993,1189 981,1190 958,1188 956,1180 936,1180 930,1187 866,1188 845,1186 838,1179 778,1179 772,1186 766,1187 692,1189 660,1189 655,1181 643,1180 636,1189 565,1190 526,1188 520,1180"/>
        <Baseline points="429,1219 1989,1222"/>
        <Word id="region0005_line0001_word0000" custom="readingOrder {index:0;} textStyle {offset:0; length:4;italic:true; fontSize:0.0; kerning:0;}">
          <Coords points="480,1189 480,1224 557,1224 557,1189 545,1189"/>
          <TextEquiv conf="0.8877575">
            <Unicode>Item</Unicode>
          </TextEquiv>
        </Word>
        <Word id="region0005_line0001_word0001" custom="readingOrder {index:1;} textStyle {offset:0; length:2;italic:true; fontSize:0.0; kerning:0;}">
          <Coords points="575,1201 621,1200 621,1222 575,1223"/>
          <TextEquiv conf="0.82250154">
            <Unicode>wo</Unicode>
          </TextEquiv>
        </Word>
        <Word id="region0005_line0001_word0002" custom="readingOrder {index:2;} textStyle {offset:0; length:3;italic:true; fontSize:0.0; kerning:0;}">
          <Coords points="641,1190 713,1190 713,1222 641,1222"/>
          <TextEquiv conf="0.8974396">
            <Unicode>imm</Unicode>
          </TextEquiv>
        </Word>
        <Word id="region0005_line0001_word0003" custom="readingOrder {index:3;} textStyle {offset:0; length:8;italic:true; fontSize:0.0; kerning:0;}">
          <Coords points="772,1186 766,1187 729,1188 729,1228 786,1228 792,1233 810,1233 815,1227 862,1227 862,1187 845,1186"/>
          <TextEquiv conf="0.7786511">
            <Unicode>nechſten</Unicode>
          </TextEquiv>
        </Word>
        <Word id="region0005_line0001_word0004" custom="readingOrder {index:4;} textStyle {offset:0; length:13;italic:true; fontSize:0.0; kerning:0;}">
          <Coords points="930,1186 930,1187 878,1187 878,1227 982,1229 998,1231 1033,1231 1035,1230 1048,1228 1128,1228 1128,1189 1100,1189 1097,1186 1076,1186 1073,1189 1017,1189 1015,1186 995,1186 993,1189 981,1190 958,1188 957,1186"/>
          <TextEquiv>
            <Unicode>nachuolgenden</Unicode>
          </TextEquiv>
        </Word>
        <Word id="region0005_line0001_word0005" custom="readingOrder {index:5;} textStyle {offset:0; length:8;italic:true; fontSize:0.0; kerning:0;}">
          <Coords points="1147,1221 1288,1220 1288,1188 1148,1189 1148,1189 1147,1189"/>
          <TextEquiv conf="0.92193663">
            <Unicode>Artickel</Unicode>
          </TextEquiv>
        </Word>
        <Word id="region0005_line0001_word0006" custom="readingOrder {index:6;} textStyle {offset:0; length:3;italic:true; fontSize:0.0; kerning:0;}">
          <Coords points="1370,1198 1313,1198 1313,1228 1318,1228 1319,1230 1347,1230 1349,1229 1370,1229"/>
          <TextEquiv conf="0.875737">
            <Unicode>eyn</Unicode>
          </TextEquiv>
        </Word>
        <Word id="region0005_line0001_word0007" custom="readingOrder {index:7;} textStyle {offset:0; length:2;italic:true; fontSize:0.0; kerning:0;}">
          <Coords points="1385,1188 1424,1188 1424,1220 1385,1220"/>
          <TextEquiv conf="0.9283066">
            <Unicode>B.</Unicode>
          </TextEquiv>
        </Word>
        <Word id="region0005_line0001_word0008" custom="readingOrder {index:8;} textStyle {offset:0; length:6;italic:true; fontSize:0.0; kerning:0;}">
          <Coords points="1532,1231 1532,1187 1435,1187 1435,1231 1452,1231 1453,1230 1482,1231"/>
          <TextEquiv>
            <Unicode>ſteht,</Unicode>
          </TextEquiv>
        </Word>
        <Word id="region0005_line0001_word0009" custom="readingOrder {index:9;} textStyle {offset:0; length:4;italic:true; fontSize:0.0; kerning:0;}">
          <Coords points="1612,1188 1552,1188 1552,1232 1568,1232 1585,1230 1612,1230"/>
          <TextEquiv conf="0.9051439">
            <Unicode>ſoll</Unicode>
          </TextEquiv>
        </Word>
        <Word id="region0005_line0001_word0010" custom="readingOrder {index:10;} textStyle {offset:0; length:3;italic:true; fontSize:0.0; kerning:0;}">
          <Coords points="1632,1187 1632,1221 1687,1221 1687,1190 1662,1190 1660,1187"/>
          <TextEquiv conf="0.881085">
            <Unicode>der</Unicode>
          </TextEquiv>
        </Word>
        <Word id="region0005_line0001_word0011" custom="readingOrder {index:11;} textStyle {offset:0; length:7;italic:true; fontSize:0.0; kerning:0;}">
          <Coords points="1709,1187 1709,1230 1765,1230 1770,1230 1832,1230 1832,1186 1817,1186 1811,1188 1787,1189 1782,1188 1780,1186 1735,1186 1730,1190 1728,1186"/>
          <TextEquiv>
            <Unicode>beklagt</Unicode>
          </TextEquiv>
        </Word>
        <Word id="region0005_line0001_word0012" custom="readingOrder {index:12;} textStyle {offset:0; length:3;italic:true; fontSize:0.0; kerning:0;}">
          <Coords points="1847,1185 1847,1219 1894,1219 1894,1185 1883,1185 1876,1191 1868,1189 1865,1185"/>
          <TextEquiv conf="0.88656324">
            <Unicode>bei</Unicode>
          </TextEquiv>
        </Word>
        <Word id="region0005_line0001_word0013" custom="readingOrder {index:13;} textStyle {offset:0; length:3;italic:true; fontSize:0.0; kerning:0;}">
          <Coords points="1926,1187 1922,1191 1918,1191 1918,1220 1986,1220 1986,1192 1949,1192 1947,1187"/>
          <TextEquiv conf="0.9162003">
            <Unicode>dem</Unicode>
          </TextEquiv>
        </Word>
        <TextEquiv>
          <Unicode>Item wo imm nechſten nachuolgenden Artickel eyn B. ſteht, ſoll der beklagt bei dem</Unicode>
        </TextEquiv>
      </TextLine>
      <TextLine id="region0005_line0002" custom="readingOrder {index:1;}">
        <Coords points="351,1224 315,1228 315,1274 489,1279 498,1280 500,1288 554,1288 557,1284 588,1288 593,1285 654,1280 817,1278 851,1281 1021,1279 1037,1280 1047,1288 1098,1288 1110,1279 1228,1279 1253,1281 1260,1286 1268,1286 1275,1281 1329,1279 1367,1281 1379,1287 1432,1288 1440,1282 1452,1280 1643,1280 1646,1288 1665,1288 1671,1281 1933,1284 1967,1283 1977,1280 1980,1276 1980,1249 1975,1244 1963,1244 1963,1233 1955,1226 1951,1226 1944,1233 1945,1244 1892,1245 1891,1237 1886,1232 1874,1233 1866,1243 1827,1243 1754,1241 1748,1232 1738,1232 1729,1241 1689,1239 1683,1232 1667,1232 1655,1240 1606,1241 1599,1240 1592,1231 1579,1232 1572,1240 1558,1241 1504,1236 1500,1233 1490,1233 1485,1237 1466,1240 1437,1241 1366,1238 1362,1235 1351,1235 1346,1239 1310,1240 1308,1232 1304,1229 1294,1229 1287,1236 1229,1236 1221,1234 1215,1228 1206,1229 1200,1233 1181,1231 1164,1236 1157,1230 1121,1230 1114,1237 1087,1234 1082,1237 1064,1238 1047,1238 1042,1232 1035,1231 1027,1237 1017,1235 999,1240 994,1240 990,1231 982,1230 976,1231 967,1240 950,1240 945,1233 933,1230 877,1229 847,1230 831,1239 821,1240 800,1240 786,1229 774,1240 763,1240 756,1232 745,1232 738,1240 729,1240 721,1229 687,1229 676,1231 669,1239 661,1240 537,1242 526,1241 518,1229 468,1229 456,1231 446,1237 421,1237 419,1229 413,1225"/>
        <Word id="region0005_line0002_word0000" custom="readingOrder {index:0;} textStyle {offset:0; length:2;italic:true; fontSize:0.0; kerning:0;}">
          <Coords points="321,1232 371,1232 371,1266 321,1266"/>
          <TextEquiv conf="0.8588053">
            <Unicode>A.</Unicode>
          </TextEquiv>
        </Word>
        <Word id="region0005_line0002_word0001" custom="readingOrder {index:1;} textStyle {offset:0; length:3;italic:true; fontSize:0.0; kerning:0;}">
          <Coords points="390,1232 390,1266 446,1266 446,1237 421,1237 419,1232"/>
          <TextEquiv conf="0.91971344">
            <Unicode>der</Unicode>
          </TextEquiv>
        </Word>
        <Word id="region0005_line0002_word0002" custom="readingOrder {index:2;} textStyle {offset:0; length:7;italic:true; fontSize:0.0; kerning:0;}">
          <Coords points="463,1231 463,1277 575,1277 575,1241 537,1242 526,1241 519,1231"/>
          <TextEquiv>
            <Unicode>kläger,</Unicode>
          </TextEquiv>
        </Word>
        <Word id="region0005_line0002_word0003" custom="readingOrder {index:3;} textStyle {offset:0; length:4;italic:true; fontSize:0.0; kerning:0;}">
          <Coords points="582,1272 690,1271 690,1231 675,1231 669,1239 661,1240 582,1241"/>
          <TextEquiv conf="0.87914187">
            <Unicode>vnnd</Unicode>
          </TextEquiv>
        </Word>
        <Word id="region0005_line0002_word0004" custom="readingOrder {index:4;} textStyle {offset:0; length:3;italic:true; fontSize:0.0; kerning:0;}">
          <Coords points="707,1231 707,1264 754,1264 754,1232 745,1232 738,1240 729,1240 722,1231"/>
          <TextEquiv conf="0.9044939">
            <Unicode>bei</Unicode>
          </TextEquiv>
        </Word>
        <Word id="region0005_line0002_word0005" custom="readingOrder {index:5;} textStyle {offset:0; length:3;italic:true; fontSize:0.0; kerning:0;}">
          <Coords points="782,1232 774,1240 771,1240 771,1264 838,1264 838,1235 831,1239 821,1240 800,1240 789,1232"/>
          <TextEquiv conf="0.912262">
            <Unicode>dem</Unicode>
          </TextEquiv>
        </Word>
        <Word id="region0005_line0002_word0006" custom="readingOrder {index:6;} textStyle {offset:0; length:2;italic:true; fontSize:0.0; kerning:0;}">
          <Coords points="858,1234 888,1234 888,1265 858,1265"/>
          <TextEquiv conf="0.92576766">
            <Unicode>C.</Unicode>
          </TextEquiv>
        </Word>
        <Word id="region0005_line0002_word0007" custom="readingOrder {index:7;} textStyle {offset:0; length:3;italic:true; fontSize:0.0; kerning:0;}">
          <Coords points="908,1232 908,1265 957,1265 957,1240 950,1240 945,1233 941,1232"/>
          <TextEquiv conf="0.90822303">
            <Unicode>die</Unicode>
          </TextEquiv>
        </Word>
        <Word id="region0005_line0002_word0008" custom="readingOrder {index:8;} textStyle {offset:0; length:7;italic:true; fontSize:0.0; kerning:0;}">
          <Coords points="975,1232 973,1234 973,1274 1096,1274 1096,1235 1087,1234 1082,1237 1064,1238 1047,1238 1042,1232 1033,1232 1027,1237 1017,1235 999,1240 994,1240 990,1232"/>
          <TextEquiv conf="0.92047995">
            <Unicode>beklagt</Unicode>
          </TextEquiv>
        </Word>
        <Word id="region0005_line0002_word0009" custom="readingOrder {index:9;} textStyle {offset:0; length:9;italic:true; fontSize:0.0; kerning:0;}">
          <Coords points="1205,1229 1200,1233 1181,1231 1164,1236 1157,1230 1121,1230 1117,1234 1117,1271 1272,1270 1272,1236 1229,1236 1221,1234 1216,1229"/>
          <TextEquiv>
            <Unicode>übelthat,</Unicode>
          </TextEquiv>
        </Word>
        <Word id="region0005_line0002_word0010" custom="readingOrder {index:10;} textStyle {offset:0; length:5;italic:true; fontSize:0.0; kerning:0;}">
          <Coords points="1293,1230 1290,1233 1290,1262 1383,1262 1383,1238 1366,1238 1362,1235 1351,1235 1346,1239 1310,1240 1308,1232 1305,1230"/>
          <TextEquiv>
            <Unicode>kurtz</Unicode>
          </TextEquiv>
        </Word>
        <Word id="region0005_line0002_word0011" custom="readingOrder {index:11;} textStyle {offset:0; length:6;italic:true; fontSize:0.0; kerning:0;}">
          <Coords points="1398,1271 1511,1271 1511,1236 1504,1236 1500,1233 1490,1233 1485,1237 1466,1240 1437,1241 1398,1239"/>
          <TextEquiv conf="0.8081518">
            <Unicode>gemelt</Unicode>
          </TextEquiv>
        </Word>
        <Word id="region0005_line0002_word0012" custom="readingOrder {index:12;} textStyle {offset:0; length:3;italic:true; fontSize:0.0; kerning:0;}">
          <Coords points="1527,1262 1590,1262 1590,1231 1579,1232 1572,1240 1558,1241 1527,1238"/>
          <TextEquiv conf="0.90608275">
            <Unicode>vnd</Unicode>
          </TextEquiv>
        </Word>
        <Word id="region0005_line0002_word0013" custom="readingOrder {index:13;} textStyle {offset:0; length:10;italic:true; fontSize:0.0; kerning:0;}">
          <Coords points="1604,1273 1782,1273 1782,1241 1754,1241 1748,1232 1738,1232 1729,1241 1689,1239 1683,1232 1667,1232 1655,1240 1606,1241 1604,1240"/>
          <TextEquiv conf="0.7492871">
            <Unicode>verſtanden</Unicode>
          </TextEquiv>
        </Word>
        <Word id="region0005_line0002_word0014" custom="readingOrder {index:14;} textStyle {offset:0; length:7;italic:true; fontSize:0.0; kerning:0;}">
          <Coords points="1797,1264 1955,1263 1955,1226 1951,1226 1944,1233 1945,1244 1892,1245 1891,1237 1886,1232 1874,1233 1866,1243 1827,1243 1797,1242"/>
          <TextEquiv conf="0.9150549">
            <Unicode>werden.</Unicode>
          </TextEquiv>
        </Word>
        <TextEquiv>
          <Unicode>A. der kläger, vnnd bei dem C. die beklagt übelthat, kurtz gemelt vnd verſtanden werden.</Unicode>
        </TextEquiv>
      </TextLine>
      <TextEquiv>
        <Unicode>Item wo imm nechſten nachuolgenden Artickel eyn B. ſteht, ſoll der beklagt bei dem&#13;
A. der kläger, vnnd bei dem C. die beklagt übelthat, kurtz gemelt vnd verſtanden werden.</Unicode>
      </TextEquiv>
    </TextRegion>
    <TextRegion orientation="0.096103534" readingDirection="left-to-right" id="TextRegion_1666082323760_466" custom="readingOrder {index:7;}">
      <Coords points="266,1331 1999,1331 1999,1756 1993,1831 316,1831 266,1756"/>
      <TextLine id="region0006_line0001" custom="readingOrder {index:0;}">
        <Coords points="418,1332 415,1378 420,1383 541,1380 693,1381 775,1377 865,1377 909,1381 916,1386 924,1386 960,1379 1249,1377 1327,1380 1336,1388 1355,1388 1368,1380 1453,1378 1454,1386 1459,1391 1481,1390 1491,1380 1513,1380 1556,1381 1574,1386 1587,1384 1596,1391 1605,1391 1615,1383 1626,1381 1892,1382 1905,1383 1916,1391 1927,1392 1957,1391 1973,1383 1998,1382 1998,1344 1937,1343 1931,1333 1922,1331 1864,1332 1847,1335 1835,1333 1828,1339 1805,1332 1778,1331 1746,1337 1741,1332 1729,1332 1720,1341 1694,1342 1682,1342 1677,1332 1664,1332 1654,1342 1633,1343 1628,1332 1590,1332 1583,1337 1568,1336 1555,1339 1543,1338 1540,1332 1452,1332 1450,1340 1447,1341 1388,1338 1375,1333 1366,1333 1360,1337 1324,1338 1320,1331 1287,1331 1279,1339 1271,1339 1269,1331 1250,1331 1243,1339 1213,1340 1208,1337 1207,1331 1188,1331 1182,1339 1161,1339 1114,1338 1109,1334 1080,1339 1034,1339 1028,1334 1017,1334 1012,1339 960,1337 956,1334 946,1334 942,1337 910,1337 904,1332 867,1332 863,1337 853,1338 851,1332 843,1331 833,1331 826,1337 790,1337 788,1331 682,1331 679,1339 657,1339 652,1334 639,1336 637,1331 547,1332 544,1341 520,1342 516,1332"/>
        <Baseline points="416,1373 835,1366 1998,1372"/>
        <Word id="region0006_line0001_word0000" custom="readingOrder {index:0;} textStyle {offset:0; length:4;italic:true; fontSize:0.0; kerning:0;}">
          <Coords points="466,1344 551,1344 551,1376 466,1376"/>
          <TextEquiv conf="0.8112166">
            <Unicode>Herr</Unicode>
          </TextEquiv>
        </Word>
        <Word id="region0006_line0001_word0001" custom="readingOrder {index:1;} textStyle {offset:0; length:8;italic:true; fontSize:0.0; kerning:0;}">
          <Coords points="560,1341 695,1340 695,1379 560,1380"/>
          <TextEquiv>
            <Unicode>Richter,</Unicode>
          </TextEquiv>
        </Word>
        <Word id="region0006_line0001_word0002" custom="readingOrder {index:2;} textStyle {offset:0; length:2;italic:true; fontSize:0.0; kerning:0;}">
          <Coords points="705,1343 743,1343 743,1374 705,1374"/>
          <TextEquiv conf="0.8805199">
            <Unicode>B.</Unicode>
          </TextEquiv>
        </Word>
        <Word id="region0006_line0001_word0003" custom="readingOrder {index:3;} textStyle {offset:0; length:3;italic:true; fontSize:0.0; kerning:0;}">
          <Coords points="760,1340 817,1340 817,1373 760,1373"/>
          <TextEquiv conf="0.8409746">
            <Unicode>der</Unicode>
          </TextEquiv>
        </Word>
        <Word id="region0006_line0001_word0004" custom="readingOrder {index:4;} textStyle {offset:0; length:7;italic:true; fontSize:0.0; kerning:0;}">
          <Coords points="956,1340 832,1340 832,1377 865,1377 909,1381 910,1382 944,1382 956,1379"/>
          <TextEquiv>
            <Unicode>beklagt</Unicode>
          </TextEquiv>
        </Word>
        <Word id="region0006_line0001_word0005" custom="readingOrder {index:5;} textStyle {offset:0; length:7;italic:true; fontSize:0.0; kerning:0;}">
          <Coords points="971,1345 1108,1345 1108,1373 971,1373"/>
          <TextEquiv conf="0.671609">
            <Unicode>antwort</Unicode>
          </TextEquiv>
        </Word>
        <Word id="region0006_line0001_word0006" custom="readingOrder {index:6;} textStyle {offset:0; length:2;italic:true; fontSize:0.0; kerning:0;}">
          <Coords points="1122,1351 1165,1350 1165,1372 1122,1373"/>
          <TextEquiv>
            <Unicode>zu</Unicode>
          </TextEquiv>
        </Word>
        <Word id="region0006_line0001_word0007" custom="readingOrder {index:7;} textStyle {offset:0; length:3;italic:true; fontSize:0.0; kerning:0;}">
          <Coords points="1179,1339 1179,1372 1235,1372 1235,1339 1213,1340 1211,1339 1182,1339"/>
          <TextEquiv conf="0.88543177">
            <Unicode>der</Unicode>
          </TextEquiv>
        </Word>
        <Word id="region0006_line0001_word0008" custom="readingOrder {index:8;} textStyle {offset:0; length:9;italic:true; fontSize:0.0; kerning:0;}">
          <Coords points="1251,1338 1251,1377 1327,1380 1328,1381 1366,1381 1368,1380 1411,1378 1411,1339 1388,1338 1324,1338 1280,1338 1279,1339 1271,1339 1270,1338"/>
          <TextEquiv>
            <Unicode>beklagten</Unicode>
          </TextEquiv>
        </Word>
        <Word id="region0006_line0001_word0009" custom="readingOrder {index:9;} textStyle {offset:0; length:10;italic:true; fontSize:0.0; kerning:0;}">
          <Coords points="1450,1339 1450,1340 1447,1341 1427,1339 1427,1378 1453,1378 1453,1383 1488,1383 1491,1380 1513,1380 1556,1381 1563,1383 1586,1383 1586,1339 1555,1339"/>
          <TextEquiv conf="0.8154113">
            <Unicode>miſſethat,</Unicode>
          </TextEquiv>
        </Word>
        <Word id="region0006_line0001_word0010" custom="readingOrder {index:10;} textStyle {offset:0; length:2;italic:true; fontSize:0.0; kerning:0;}">
          <Coords points="1597,1339 1597,1383 1615,1383 1626,1381 1634,1381 1634,1342 1633,1343 1631,1339"/>
          <TextEquiv conf="0.8872912">
            <Unicode>ſo</Unicode>
          </TextEquiv>
        </Word>
        <Word id="region0006_line0001_word0011" custom="readingOrder {index:11;} textStyle {offset:0; length:5;italic:true; fontSize:0.0; kerning:0;}">
          <Coords points="1657,1339 1654,1342 1651,1342 1651,1371 1744,1371 1744,1339 1722,1339 1720,1341 1694,1342 1682,1342 1680,1339"/>
          <TextEquiv conf="0.9260309">
            <Unicode>durch</Unicode>
          </TextEquiv>
        </Word>
        <Word id="region0006_line0001_word0012" custom="readingOrder {index:12;} textStyle {offset:0; length:2;italic:true; fontSize:0.0; kerning:0;}">
          <Coords points="1755,1340 1797,1339 1797,1371 1755,1372"/>
          <TextEquiv conf="0.92073417">
            <Unicode>A.</Unicode>
          </TextEquiv>
        </Word>
        <Word id="region0006_line0001_word0013" custom="readingOrder {index:13;} textStyle {offset:0; length:3;italic:true; fontSize:0.0; kerning:0;}">
          <Coords points="1809,1341 1858,1341 1858,1371 1809,1371"/>
          <TextEquiv conf="0.9225172">
            <Unicode>als</Unicode>
          </TextEquiv>
        </Word>
        <Word id="word_1666083561290_725" custom="readingOrder {index:14;} textStyle {offset:0; length:6;italic:true; fontSize:0.0; kerning:0;}">
          <Coords points="1875,1340 1907,1338 1934,1338 1994,1343 1994,1381 1907,1381 1875,1370"/>
          <TextEquiv>
            <Unicode>Kläger</Unicode>
          </TextEquiv>
        </Word>
        <TextEquiv>
          <Unicode>Herr Richter, B. der beklagt antwort zu der beklagten miſſethat, ſo durch A. als Kläger</Unicode>
        </TextEquiv>
      </TextLine>
      <TextLine id="region0006_line0002" custom="readingOrder {index:1;}">
        <Coords points="362,1379 355,1386 274,1386 269,1391 269,1418 280,1426 308,1423 317,1427 354,1429 431,1429 432,1433 445,1442 454,1440 460,1432 468,1432 472,1439 484,1443 515,1444 548,1443 554,1433 563,1432 671,1430 676,1440 691,1441 700,1432 726,1434 803,1429 948,1433 1001,1439 1012,1438 1026,1432 1188,1430 1201,1431 1202,1437 1207,1440 1222,1440 1229,1431 1262,1432 1276,1437 1343,1430 1466,1431 1507,1432 1509,1440 1518,1444 1534,1442 1545,1431 1699,1430 1842,1432 1854,1433 1861,1441 1873,1442 1891,1437 1905,1440 1913,1435 1926,1433 1998,1434 1998,1390 1964,1389 1959,1392 1943,1393 1897,1393 1856,1390 1850,1383 1840,1383 1833,1390 1810,1392 1653,1393 1649,1385 1636,1384 1629,1393 1602,1393 1563,1392 1559,1383 1533,1382 1524,1390 1449,1392 1439,1383 1420,1381 1413,1387 1364,1391 1337,1391 1329,1383 1320,1383 1313,1391 1305,1391 1303,1383 1299,1380 1212,1379 1205,1391 1165,1390 1159,1381 1149,1381 1138,1391 1126,1391 1122,1389 1118,1380 1105,1380 1097,1387 1075,1387 1069,1381 1045,1381 1034,1383 1028,1391 1006,1391 1004,1384 999,1380 960,1380 924,1387 901,1382 889,1390 849,1391 797,1389 791,1381 768,1379 759,1387 748,1387 742,1380 669,1381 663,1383 659,1391 625,1391 621,1381 609,1380 598,1392 593,1392 592,1384 587,1380 541,1381 536,1392 469,1393 467,1386 462,1383 450,1384 445,1392 435,1392 401,1389 394,1379 384,1379 377,1385 370,1379"/>
        <Baseline points="269,1416 440,1420 505,1431 565,1421 797,1419 1998,1424"/>
        <Word id="region0006_line0002_word0000" custom="readingOrder {index:0;} textStyle {offset:0; length:5;italic:true; fontSize:0.0; kerning:0;}">
          <Coords points="328,1388 328,1420 427,1420 427,1391 401,1389 400,1388"/>
          <TextEquiv>
            <Unicode>wider</Unicode>
          </TextEquiv>
        </Word>
        <Word id="region0006_line0002_word0001" custom="readingOrder {index:1;} textStyle {offset:0; length:2;italic:true; fontSize:0.0; kerning:0;}">
          <Coords points="447,1388 445,1392 441,1392 441,1431 481,1431 481,1392 469,1393 467,1388"/>
          <TextEquiv>
            <Unicode>jn</Unicode>
          </TextEquiv>
        </Word>
        <Word id="region0006_line0002_word0002" custom="readingOrder {index:2;} textStyle {offset:0; length:9;italic:true; fontSize:0.0; kerning:0;}">
          <Coords points="538,1385 536,1392 499,1392 499,1432 595,1431 661,1430 661,1387 659,1391 625,1391 622,1385 604,1385 598,1392 593,1392 592,1385"/>
          <TextEquiv conf="0.73795134">
            <Unicode>geſchehen</Unicode>
          </TextEquiv>
        </Word>
        <Word id="region0006_line0002_word0003" custom="readingOrder {index:3;} textStyle {offset:0; length:4;italic:true; fontSize:0.0; kerning:0;}">
          <Coords points="678,1388 728,1388 728,1431 678,1431"/>
          <TextEquiv conf="0.8191233">
            <Unicode>iſt,</Unicode>
          </TextEquiv>
        </Word>
        <Word id="region0006_line0002_word0004" custom="readingOrder {index:4;} textStyle {offset:0; length:3;italic:true; fontSize:0.0; kerning:0;}">
          <Coords points="760,1386 759,1387 754,1387 754,1420 804,1420 804,1389 797,1389 794,1386"/>
          <TextEquiv conf="0.89058846">
            <Unicode>die</Unicode>
          </TextEquiv>
        </Word>
        <Word id="region0006_line0002_word0005" custom="readingOrder {index:5;} textStyle {offset:0; length:2;italic:true; fontSize:0.0; kerning:0;}">
          <Coords points="818,1397 853,1397 853,1419 818,1419"/>
          <TextEquiv conf="0.8414757">
            <Unicode>er</Unicode>
          </TextEquiv>
        </Word>
        <Word id="region0006_line0002_word0006" custom="readingOrder {index:6;} textStyle {offset:0; length:3;italic:true; fontSize:0.0; kerning:0;}">
          <Coords points="867,1420 923,1420 923,1389 890,1389 889,1390 867,1390"/>
          <TextEquiv conf="0.92454493">
            <Unicode>mit</Unicode>
          </TextEquiv>
        </Word>
        <Word id="region0006_line0002_word0007" custom="readingOrder {index:7;} textStyle {offset:0; length:2;italic:true; fontSize:0.0; kerning:0;}">
          <Coords points="943,1388 972,1388 972,1422 943,1422"/>
          <TextEquiv conf="0.89662206">
            <Unicode>C.</Unicode>
          </TextEquiv>
        </Word>
        <Word id="region0006_line0002_word0008" custom="readingOrder {index:8;} textStyle {offset:0; length:5;italic:true; fontSize:0.0; kerning:0;}">
          <Coords points="991,1388 991,1432 1026,1432 1087,1431 1087,1388 1030,1388 1028,1391 1006,1391 1005,1388"/>
          <TextEquiv conf="0.91173303">
            <Unicode>geübt</Unicode>
          </TextEquiv>
        </Word>
        <Word id="region0006_line0002_word0009" custom="readingOrder {index:9;} textStyle {offset:0; length:5;italic:true; fontSize:0.0; kerning:0;}">
          <Coords points="1101,1386 1101,1421 1200,1420 1200,1390 1165,1390 1161,1385 1143,1385 1138,1391 1126,1391 1122,1389 1120,1385"/>
          <TextEquiv conf="0.8712954">
            <Unicode>haben</Unicode>
          </TextEquiv>
        </Word>
        <Word id="region0006_line0002_word0010" custom="readingOrder {index:10;} textStyle {offset:0; length:5;italic:true; fontSize:0.0; kerning:0;}">
          <Coords points="1211,1385 1289,1385 1289,1431 1211,1431"/>
          <TextEquiv conf="0.90521514">
            <Unicode>ſoll,</Unicode>
          </TextEquiv>
        </Word>
        <Word id="region0006_line0002_word0011" custom="readingOrder {index:11;} textStyle {offset:0; length:3;italic:true; fontSize:0.0; kerning:0;}">
          <Coords points="1317,1389 1317,1419 1373,1419 1373,1390 1364,1391 1337,1391 1335,1389"/>
          <TextEquiv conf="0.93177205">
            <Unicode>inn</Unicode>
          </TextEquiv>
        </Word>
        <Word id="region0006_line0002_word0012" custom="readingOrder {index:12;} textStyle {offset:0; length:11;italic:true; fontSize:0.0; kerning:0;}">
          <Coords points="1415,1385 1413,1387 1394,1388 1394,1430 1466,1431 1545,1431 1585,1430 1585,1392 1563,1392 1559,1385 1529,1385 1524,1390 1449,1392 1441,1385"/>
          <TextEquiv conf="0.8810413">
            <Unicode>allermaſſen</Unicode>
          </TextEquiv>
        </Word>
        <Word id="region0006_line0002_word0013" custom="readingOrder {index:13;} textStyle {offset:0; length:3;italic:true; fontSize:0.0; kerning:0;}">
          <Coords points="1632,1388 1629,1393 1602,1393 1602,1418 1660,1418 1660,1392 1653,1393 1650,1388"/>
          <TextEquiv conf="0.8404245">
            <Unicode>wie</Unicode>
          </TextEquiv>
        </Word>
        <Word id="region0006_line0002_word0014" custom="readingOrder {index:14;} textStyle {offset:0; length:2;italic:true; fontSize:0.0; kerning:0;}">
          <Coords points="1675,1397 1710,1397 1710,1418 1675,1418"/>
          <TextEquiv conf="0.91485536">
            <Unicode>er</Unicode>
          </TextEquiv>
        </Word>
        <Word id="region0006_line0002_word0015" custom="readingOrder {index:15;} textStyle {offset:0; length:7;italic:true; fontSize:0.0; kerning:0;}">
          <Coords points="1837,1385 1833,1390 1810,1392 1724,1392 1724,1418 1863,1417 1863,1390 1856,1390 1851,1385"/>
          <TextEquiv conf="0.66575193">
            <Unicode>vormals</Unicode>
          </TextEquiv>
        </Word>
        <Word id="region0006_line0002_word0016" custom="readingOrder {index:16;} textStyle {offset:0; length:6;italic:true; fontSize:0.0; kerning:0;}">
          <Coords points="1876,1427 1985,1427 1985,1390 1962,1390 1959,1392 1943,1393 1897,1393 1876,1391"/>
          <TextEquiv conf="0.0">
            <Unicode>geant-</Unicode>
          </TextEquiv>
        </Word>
        <TextEquiv>
          <Unicode>wider jn geſchehen iſt, die er mit C. geübt haben ſoll, inn allermaſſen wie er vormals geant-</Unicode>
        </TextEquiv>
      </TextLine>
      <TextLine id="region0006_line0003" custom="readingOrder {index:2;}">
        <Coords points="294,1424 290,1427 291,1438 276,1438 271,1443 272,1470 277,1475 495,1488 582,1483 594,1490 618,1493 626,1488 640,1488 655,1483 662,1492 691,1494 700,1489 712,1489 718,1483 734,1482 761,1483 770,1493 783,1493 791,1485 825,1484 964,1485 974,1492 989,1488 1017,1491 1064,1485 1162,1484 1195,1486 1199,1489 1213,1486 1296,1484 1301,1492 1314,1493 1325,1483 1330,1482 1405,1482 1407,1491 1412,1495 1426,1493 1432,1484 1500,1483 1563,1484 1568,1489 1580,1488 1585,1484 1723,1484 1746,1486 1750,1491 1770,1494 1796,1493 1803,1488 1834,1485 1999,1486 1998,1441 1924,1444 1903,1443 1891,1438 1879,1443 1862,1444 1762,1443 1755,1443 1743,1435 1729,1437 1725,1434 1716,1434 1712,1437 1702,1437 1694,1444 1657,1445 1653,1434 1640,1433 1631,1445 1624,1445 1619,1443 1619,1438 1614,1433 1603,1433 1598,1437 1593,1433 1580,1433 1571,1444 1558,1444 1554,1434 1544,1433 1533,1444 1518,1445 1488,1444 1481,1436 1473,1433 1422,1433 1415,1437 1413,1443 1394,1443 1392,1436 1387,1432 1373,1434 1366,1443 1331,1443 1324,1433 1311,1435 1308,1442 1268,1442 1262,1433 1250,1433 1242,1442 1181,1439 1168,1435 1155,1438 1150,1434 1112,1434 1104,1437 1099,1443 1093,1433 1026,1433 1007,1440 954,1436 946,1440 930,1441 925,1433 913,1433 904,1444 856,1444 852,1433 840,1432 829,1444 820,1444 816,1441 807,1441 800,1432 788,1432 782,1435 777,1443 723,1442 721,1436 714,1433 702,1433 695,1442 600,1442 595,1433 584,1432 574,1443 515,1445 484,1444 473,1440 468,1443 445,1443 431,1433 422,1440 411,1437 401,1437 397,1440 317,1438 315,1426"/>
        <Baseline points="272,1466 474,1476 1999,1476"/>
        <Word id="region0006_line0003_word0000" custom="readingOrder {index:0;} textStyle {offset:0; length:4;italic:true; fontSize:0.0; kerning:0;}">
          <Coords points="299,1425 300,1467 412,1467 411,1437 411,1437 401,1437 397,1440 317,1438 315,1426 304,1425"/>
          <TextEquiv>
            <Unicode>wort</Unicode>
          </TextEquiv>
        </Word>
        <Word id="region0006_line0003_word0001" custom="readingOrder {index:1;} textStyle {offset:0; length:4;italic:true; fontSize:0.0; kerning:0;}">
          <Coords points="428,1435 425,1437 426,1472 500,1472 499,1444 484,1444 473,1440 468,1443 445,1443 433,1435"/>
          <TextEquiv conf="0.90204203">
            <Unicode>hat,</Unicode>
          </TextEquiv>
        </Word>
        <Word id="region0006_line0003_word0002" custom="readingOrder {index:2;} textStyle {offset:0; length:3;italic:true; fontSize:0.0; kerning:0;}">
          <Coords points="529,1467 592,1466 591,1432 584,1432 574,1443 528,1444"/>
          <TextEquiv conf="0.85103744">
            <Unicode>vnd</Unicode>
          </TextEquiv>
        </Word>
        <Word id="region0006_line0003_word0003" custom="readingOrder {index:3;} textStyle {offset:0; length:7;italic:true; fontSize:0.0; kerning:0;}">
          <Coords points="607,1476 761,1476 760,1442 723,1442 721,1436 714,1433 702,1433 695,1442 606,1442"/>
          <TextEquiv conf="0.901402">
            <Unicode>gnugſam</Unicode>
          </TextEquiv>
        </Word>
        <Word id="region0006_line0003_word0004" custom="readingOrder {index:4;} textStyle {offset:0; length:9;italic:true; fontSize:0.0; kerning:0;}">
          <Coords points="788,1432 782,1435 777,1443 772,1442 773,1476 944,1476 943,1440 930,1441 925,1433 913,1433 904,1444 856,1444 852,1433 840,1432 829,1444 820,1444 816,1441 807,1441 800,1432"/>
          <TextEquiv>
            <Unicode>fürbracht</Unicode>
          </TextEquiv>
        </Word>
        <Word id="region0006_line0003_word0005" custom="readingOrder {index:5;} textStyle {offset:0; length:4;italic:true; fontSize:0.0; kerning:0;}">
          <Coords points="967,1480 1018,1480 1017,1436 1007,1440 966,1436"/>
          <TextEquiv>
            <Unicode>iſt,</Unicode>
          </TextEquiv>
        </Word>
        <Word id="region0006_line0003_word0006" custom="readingOrder {index:6;} textStyle {offset:0; length:3;italic:true; fontSize:0.0; kerning:0;}">
          <Coords points="1048,1434 1049,1468 1120,1468 1119,1434 1112,1434 1104,1437 1099,1443 1093,1434"/>
          <TextEquiv conf="0.8949808">
            <Unicode>Vnd</Unicode>
          </TextEquiv>
        </Word>
        <Word id="region0006_line0003_word0007" custom="readingOrder {index:7;} textStyle {offset:0; length:5;italic:true; fontSize:0.0; kerning:0;}">
          <Coords points="1138,1473 1211,1472 1210,1440 1181,1439 1168,1435 1155,1438 1150,1434 1137,1434"/>
          <TextEquiv conf="0.86909086">
            <Unicode>bitt,</Unicode>
          </TextEquiv>
        </Word>
        <Word id="region0006_line0003_word0008" custom="readingOrder {index:8;} textStyle {offset:0; length:3;italic:true; fontSize:0.0; kerning:0;}">
          <Coords points="1240,1465 1299,1465 1298,1442 1268,1442 1262,1433 1250,1433 1242,1442 1239,1441"/>
          <TextEquiv conf="0.6809498">
            <Unicode>das</Unicode>
          </TextEquiv>
        </Word>
        <Word id="region0006_line0003_word0009" custom="readingOrder {index:9;} textStyle {offset:0; length:2;italic:true; fontSize:0.0; kerning:0;}">
          <Coords points="1306,1475 1342,1475 1341,1443 1331,1443 1324,1433 1311,1435 1308,1442 1305,1442"/>
          <TextEquiv conf="0.90104514">
            <Unicode>jr</Unicode>
          </TextEquiv>
        </Word>
        <Word id="region0006_line0003_word0010" custom="readingOrder {index:10;} textStyle {offset:0; length:9;italic:true; fontSize:0.0; kerning:0;}">
          <Coords points="1364,1477 1516,1477 1515,1444 1488,1444 1481,1436 1473,1433 1422,1433 1415,1437 1413,1443 1394,1443 1392,1436 1387,1432 1373,1434 1366,1443 1363,1443"/>
          <TextEquiv conf="0.89004254">
            <Unicode>derſelben</Unicode>
          </TextEquiv>
        </Word>
        <Word id="region0006_line0003_word0011" custom="readingOrder {index:11;} textStyle {offset:0; length:9;italic:true; fontSize:0.0; kerning:0;}">
          <Coords points="1539,1474 1695,1474 1694,1444 1694,1444 1657,1445 1653,1434 1640,1433 1631,1445 1624,1445 1619,1443 1619,1438 1614,1433 1603,1433 1598,1437 1593,1433 1580,1433 1571,1444 1558,1444 1554,1434 1544,1433 1538,1439"/>
          <TextEquiv>
            <Unicode>beſchehen</Unicode>
          </TextEquiv>
        </Word>
        <Word id="region0006_line0003_word0012" custom="readingOrder {index:12;} textStyle {offset:0; length:5;italic:true; fontSize:0.0; kerning:0;}">
          <Coords points="1712,1474 1805,1473 1804,1443 1762,1443 1755,1443 1743,1435 1729,1437 1725,1434 1716,1434 1712,1437 1711,1437"/>
          <TextEquiv conf="0.53004485">
            <Unicode>klag,</Unicode>
          </TextEquiv>
        </Word>
        <Word id="region0006_line0003_word0013" custom="readingOrder {index:13;} textStyle {offset:0; length:3;italic:true; fontSize:0.0; kerning:0;}">
          <Coords points="1833,1463 1895,1463 1894,1439 1891,1438 1879,1443 1862,1444 1832,1443"/>
          <TextEquiv conf="0.72988373">
            <Unicode>vnd</Unicode>
          </TextEquiv>
        </Word>
        <Word id="region0006_line0003_word0014" custom="readingOrder {index:14;} textStyle {offset:0; length:4;italic:true; fontSize:0.0; kerning:0;}">
          <Coords points="1917,1463 1985,1463 1984,1441 1924,1444 1916,1443"/>
          <TextEquiv conf="0.7151125">
            <Unicode>ant-</Unicode>
          </TextEquiv>
        </Word>
        <TextEquiv>
          <Unicode>wort hat, vnd gnugſam fürbracht iſt, Vnd bitt, das jr derſelben beſchehen klag, vnd ant-</Unicode>
        </TextEquiv>
      </TextLine>
      <TextLine id="region0006_line0004" custom="readingOrder {index:3;}">
        <Coords points="431,1484 421,1491 275,1489 270,1494 270,1521 280,1527 348,1528 470,1536 499,1539 503,1542 512,1542 516,1538 741,1536 743,1544 749,1548 799,1547 812,1538 900,1539 915,1533 919,1540 919,1551 933,1546 943,1546 950,1551 957,1549 961,1540 988,1539 1082,1539 1105,1546 1137,1546 1172,1539 1219,1537 1654,1536 1780,1536 1781,1546 1786,1551 1839,1550 1852,1544 1864,1548 1873,1545 1877,1538 1941,1538 1947,1548 1999,1548 1999,1498 1959,1499 1958,1491 1953,1486 1896,1486 1891,1490 1889,1498 1846,1498 1845,1490 1840,1486 1803,1489 1796,1497 1761,1496 1752,1492 1746,1492 1741,1496 1737,1486 1725,1486 1715,1496 1707,1497 1625,1498 1623,1489 1618,1485 1606,1487 1598,1497 1590,1488 1568,1490 1561,1486 1552,1486 1547,1490 1517,1488 1508,1498 1491,1497 1489,1489 1485,1486 1473,1487 1465,1497 1369,1495 1363,1486 1342,1487 1335,1494 1329,1495 1272,1496 1267,1487 1255,1486 1245,1496 1230,1497 1218,1497 1213,1490 1206,1489 1199,1490 1193,1498 1061,1499 1059,1490 1051,1487 1030,1490 1023,1499 993,1499 990,1489 974,1493 964,1486 912,1487 908,1490 906,1498 872,1497 870,1490 863,1485 853,1486 845,1497 727,1496 721,1488 700,1490 691,1495 642,1493 640,1489 635,1488 626,1489 618,1494 594,1491 589,1487 571,1487 557,1495 527,1497 517,1492 487,1487 446,1495 442,1485"/>
        <Baseline points="270,1517 511,1529 1121,1534 1222,1527 1811,1528"/>
        <Word id="region0006_line0004_word0000" custom="readingOrder {index:0;} textStyle {offset:0; length:4;italic:true; fontSize:0.0; kerning:0;}">
          <Coords points="330,1500 411,1500 411,1525 330,1525"/>
          <TextEquiv conf="0.53742975">
            <Unicode>wort</Unicode>
          </TextEquiv>
        </Word>
        <Word id="region0006_line0004_word0001" custom="readingOrder {index:1;} textStyle {offset:0; length:5;italic:true; fontSize:0.0; kerning:0;}">
          <Coords points="425,1493 425,1533 517,1533 517,1493 456,1493 446,1495 445,1493"/>
          <TextEquiv conf="0.9034167">
            <Unicode>halb,</Unicode>
          </TextEquiv>
        </Word>
        <Word id="region0006_line0004_word0002" custom="readingOrder {index:2;} textStyle {offset:0; length:4;italic:true; fontSize:0.0; kerning:0;}">
          <Coords points="545,1527 603,1526 603,1494 557,1495 557,1495 545,1496"/>
          <TextEquiv>
            <Unicode>alle</Unicode>
          </TextEquiv>
        </Word>
        <Word id="region0006_line0004_word0003" custom="readingOrder {index:3;} textStyle {offset:0; length:8;italic:true; fontSize:0.0; kerning:0;}">
          <Coords points="621,1492 621,1492 621,1535 784,1535 784,1496 727,1496 724,1492 696,1492 691,1495 642,1493 642,1492"/>
          <TextEquiv>
            <Unicode>handlung</Unicode>
          </TextEquiv>
        </Word>
        <Word id="region0006_line0004_word0004" custom="readingOrder {index:4;} textStyle {offset:0; length:3;italic:true; fontSize:0.0; kerning:0;}">
          <Coords points="800,1525 863,1525 863,1489 850,1489 845,1497 800,1496"/>
          <TextEquiv conf="0.8558366">
            <Unicode>vnd</Unicode>
          </TextEquiv>
        </Word>
        <Word id="region0006_line0004_word0005" custom="readingOrder {index:5;} textStyle {offset:0; length:15;italic:true; fontSize:0.0; kerning:0;}">
          <Coords points="908,1490 906,1498 878,1497 878,1538 902,1538 915,1533 917,1538 1143,1538 1143,1498 1061,1499 1059,1490 1030,1490 1023,1499 993,1499 990,1490 986,1490 974,1493 969,1490"/>
          <TextEquiv>
            <Unicode>auffſchreibung,</Unicode>
          </TextEquiv>
        </Word>
        <Word id="region0006_line0004_word0006" custom="readingOrder {index:6;} textStyle {offset:0; length:3;italic:true; fontSize:0.0; kerning:0;}">
          <Coords points="1197,1492 1193,1498 1167,1498 1167,1523 1226,1523 1226,1497 1218,1497 1214,1492"/>
          <TextEquiv conf="0.81791323">
            <Unicode>wie</Unicode>
          </TextEquiv>
        </Word>
        <Word id="region0006_line0004_word0007" custom="readingOrder {index:7;} textStyle {offset:0; length:3;italic:true; fontSize:0.0; kerning:0;}">
          <Coords points="1251,1490 1245,1496 1242,1496 1242,1524 1301,1524 1301,1495 1272,1496 1268,1490"/>
          <TextEquiv conf="0.9093186">
            <Unicode>das</Unicode>
          </TextEquiv>
        </Word>
        <Word id="region0006_line0004_word0008" custom="readingOrder {index:8;} textStyle {offset:0; length:5;italic:true; fontSize:0.0; kerning:0;}">
          <Coords points="1339,1490 1335,1494 1329,1495 1317,1495 1317,1524 1393,1524 1393,1495 1369,1495 1365,1490"/>
          <TextEquiv conf="0.8687923">
            <Unicode>alles</Unicode>
          </TextEquiv>
        </Word>
        <Word id="region0006_line0004_word0009" custom="readingOrder {index:9;} textStyle {offset:0; length:4;italic:true; fontSize:0.0; kerning:0;}">
          <Coords points="1469,1491 1465,1497 1412,1495 1412,1525 1490,1525 1490,1493 1489,1491"/>
          <TextEquiv conf="0.9232943">
            <Unicode>nach</Unicode>
          </TextEquiv>
        </Word>
        <Word id="region0006_line0004_word0010" custom="readingOrder {index:10;} textStyle {offset:0; length:9;italic:true; fontSize:0.0; kerning:0;}">
          <Coords points="1515,1490 1513,1492 1513,1526 1660,1526 1660,1497 1625,1498 1623,1490 1603,1490 1598,1497 1591,1490 1568,1490 1547,1490"/>
          <TextEquiv conf="0.8991451">
            <Unicode>löblicher</Unicode>
          </TextEquiv>
        </Word>
        <Word id="region0006_line0004_word0011" custom="readingOrder {index:11;} textStyle {offset:0; length:13;italic:true; fontSize:0.0; kerning:0;}">
          <Coords points="1722,1488 1715,1496 1707,1497 1671,1497 1671,1536 1780,1536 1780,1537 1895,1537 1895,1488 1893,1488 1891,1490 1889,1498 1846,1498 1845,1490 1842,1488 1810,1488 1803,1489 1796,1497 1761,1496 1752,1492 1746,1492 1741,1496 1738,1488"/>
          <TextEquiv conf="0.8604769">
            <Unicode>rechtmeſſiger</Unicode>
          </TextEquiv>
        </Word>
        <Word id="region0006_line0004_word0012" custom="readingOrder {index:12;} textStyle {offset:0; length:4;italic:true; fontSize:0.0; kerning:0;}">
          <Coords points="1910,1490 1910,1533 1987,1533 1987,1498 1959,1499 1958,1491 1957,1490"/>
          <TextEquiv conf="0.87102973">
            <Unicode>Key-</Unicode>
          </TextEquiv>
        </Word>
        <TextEquiv>
          <Unicode>wort halb, alle handlung vnd auffſchreibung, wie das alles nach löblicher rechtmeſſiger Key-</Unicode>
        </TextEquiv>
      </TextLine>
      <TextLine id="region0006_line0005" custom="readingOrder {index:4;}">
        <Coords points="337,1529 327,1542 281,1544 275,1558 276,1587 280,1590 295,1590 301,1586 328,1585 358,1579 382,1585 558,1589 563,1597 573,1598 580,1596 587,1588 608,1583 614,1588 620,1588 625,1597 640,1600 660,1588 695,1589 717,1595 763,1589 935,1591 952,1592 956,1600 964,1602 973,1601 982,1594 999,1595 1006,1601 1014,1601 1030,1597 1036,1586 1049,1593 1204,1593 1208,1600 1214,1602 1227,1601 1232,1592 1255,1591 1655,1591 1674,1594 1682,1601 1704,1595 1720,1597 1738,1593 1780,1590 1861,1593 1872,1599 1884,1601 1892,1598 1911,1598 1918,1593 1929,1592 1938,1593 1947,1601 1999,1597 1999,1550 1886,1551 1862,1550 1855,1545 1839,1551 1826,1552 1628,1551 1623,1541 1612,1540 1602,1551 1573,1552 1531,1549 1527,1546 1513,1548 1509,1540 1498,1539 1486,1550 1479,1543 1468,1543 1462,1552 1444,1552 1443,1545 1438,1540 1395,1540 1387,1544 1385,1552 1370,1552 1349,1551 1344,1539 1334,1538 1322,1550 1315,1542 1295,1541 1285,1551 1276,1551 1269,1542 1257,1543 1252,1551 1184,1551 1180,1541 1172,1540 1162,1544 1157,1553 1152,1545 1105,1547 1079,1543 1073,1553 1045,1553 1016,1552 1009,1544 989,1543 979,1553 962,1554 949,1553 943,1547 933,1547 919,1552 915,1534 904,1539 904,1546 908,1552 888,1552 881,1540 872,1540 862,1549 851,1549 843,1540 835,1540 824,1549 807,1550 685,1549 683,1541 679,1538 634,1538 630,1541 628,1549 621,1550 613,1538 587,1538 576,1547 535,1548 533,1541 529,1539 516,1539 508,1547 491,1546 482,1545 476,1538 467,1538 459,1545 444,1546 442,1538 436,1535 394,1534 374,1541 359,1542 353,1530"/>
        <Baseline points="275,1579 370,1570 994,1586 1789,1580 1999,1589"/>
        <Word id="region0006_line0005_word0000" custom="readingOrder {index:0;} textStyle {offset:0; length:3;italic:true; fontSize:0.0; kerning:0;}">
          <Coords points="332,1535 327,1542 322,1542 322,1579 358,1579 377,1579 377,1539 374,1541 359,1542 355,1535"/>
          <TextEquiv>
            <Unicode>ſer</Unicode>
          </TextEquiv>
        </Word>
        <Word id="region0006_line0005_word0001" custom="readingOrder {index:1;} textStyle {offset:0; length:5;italic:true; fontSize:0.0; kerning:0;}">
          <Coords points="392,1540 392,1572 489,1572 489,1545 482,1545 477,1540 464,1540 459,1545 444,1546 442,1540"/>
          <TextEquiv>
            <Unicode>Karls</Unicode>
          </TextEquiv>
        </Word>
        <Word id="region0006_line0005_word0002" custom="readingOrder {index:2;} textStyle {offset:0; length:3;italic:true; fontSize:0.0; kerning:0;}">
          <Coords points="504,1572 558,1572 558,1547 535,1548 533,1541 529,1539 516,1539 508,1547 504,1546"/>
          <TextEquiv conf="0.91639894">
            <Unicode>des</Unicode>
          </TextEquiv>
        </Word>
        <Word id="region0006_line0005_word0003" custom="readingOrder {index:3;} textStyle {offset:0; length:9;italic:true; fontSize:0.0; kerning:0;}">
          <Coords points="568,1582 728,1582 728,1549 685,1549 683,1541 679,1538 634,1538 630,1541 628,1549 621,1550 613,1538 587,1538 576,1547 568,1547"/>
          <TextEquiv>
            <Unicode>fünfften,</Unicode>
          </TextEquiv>
        </Word>
        <Word id="region0006_line0005_word0004" custom="readingOrder {index:4;} textStyle {offset:0; length:4;italic:true; fontSize:0.0; kerning:0;}">
          <Coords points="758,1570 842,1570 842,1540 835,1540 824,1549 807,1550 758,1549"/>
          <TextEquiv conf="0.88637346">
            <Unicode>vnnd</Unicode>
          </TextEquiv>
        </Word>
        <Word id="region0006_line0005_word0005" custom="readingOrder {index:5;} textStyle {offset:0; length:3;italic:true; fontSize:0.0; kerning:0;}">
          <Coords points="856,1570 917,1570 917,1543 915,1534 904,1539 904,1546 908,1552 888,1552 881,1540 872,1540 862,1549 856,1549"/>
          <TextEquiv conf="0.9033152">
            <Unicode>des</Unicode>
          </TextEquiv>
        </Word>
        <Word id="region0006_line0005_word0006" custom="readingOrder {index:6;} textStyle {offset:0; length:8;italic:true; fontSize:0.0; kerning:0;}">
          <Coords points="926,1580 1069,1580 1069,1553 1045,1553 1016,1552 1009,1544 989,1543 979,1553 962,1554 949,1553 943,1547 933,1547 926,1549"/>
          <TextEquiv conf="0.9116143">
            <Unicode>heyligen</Unicode>
          </TextEquiv>
        </Word>
        <Word id="region0006_line0005_word0007" custom="readingOrder {index:7;} textStyle {offset:0; length:6;italic:true; fontSize:0.0; kerning:0;}">
          <Coords points="1089,1571 1201,1570 1201,1551 1184,1551 1180,1541 1172,1540 1162,1544 1157,1553 1152,1545 1105,1547 1089,1544"/>
          <TextEquiv conf="0.9268868">
            <Unicode>Reichs</Unicode>
          </TextEquiv>
        </Word>
        <Word id="region0006_line0005_word0008" custom="readingOrder {index:8;} textStyle {offset:0; length:10;italic:true; fontSize:0.0; kerning:0;}">
          <Coords points="1214,1580 1387,1580 1387,1544 1385,1552 1370,1552 1349,1551 1344,1539 1334,1538 1322,1550 1315,1542 1295,1541 1285,1551 1276,1551 1269,1542 1257,1543 1252,1551 1214,1551"/>
          <TextEquiv>
            <Unicode>peinlichen</Unicode>
          </TextEquiv>
        </Word>
        <Word id="region0006_line0005_word0009" custom="readingOrder {index:9;} textStyle {offset:0; length:8;italic:true; fontSize:0.0; kerning:0;}">
          <Coords points="1403,1570 1542,1570 1542,1549 1531,1549 1527,1546 1513,1548 1509,1540 1498,1539 1486,1550 1479,1543 1468,1543 1462,1552 1444,1552 1443,1545 1438,1540 1403,1540"/>
          <TextEquiv conf="0.87826896">
            <Unicode>Gerichts</Unicode>
          </TextEquiv>
        </Word>
        <Word id="region0006_line0005_word0010" custom="readingOrder {index:10;} textStyle {offset:0; length:7;italic:true; fontSize:0.0; kerning:0;}">
          <Coords points="1560,1579 1707,1579 1707,1551 1628,1551 1623,1541 1612,1540 1602,1551 1573,1552 1560,1551"/>
          <TextEquiv conf="0.878924">
            <Unicode>ordnung</Unicode>
          </TextEquiv>
        </Word>
        <Word id="region0006_line0005_word0011" custom="readingOrder {index:11;} textStyle {offset:0; length:7;italic:true; fontSize:0.0; kerning:0;}">
          <Coords points="1732,1568 1869,1567 1869,1550 1862,1550 1855,1545 1839,1551 1826,1552 1732,1551"/>
          <TextEquiv conf="0.89764184">
            <Unicode>vormals</Unicode>
          </TextEquiv>
        </Word>
        <Word id="region0006_line0005_word0012" custom="readingOrder {index:12;} textStyle {offset:0; length:5;italic:true; fontSize:0.0; kerning:0;}">
          <Coords points="1886,1577 1987,1577 1987,1550 1886,1551"/>
          <TextEquiv conf="0.9222063">
            <Unicode>gnug-</Unicode>
          </TextEquiv>
        </Word>
        <TextEquiv>
          <Unicode>ſer Karls des fünfften, vnnd des heyligen Reichs peinlichen Gerichts ordnung vormals gnug-</Unicode>
        </TextEquiv>
      </TextLine>
      <TextLine id="region0006_line0006" custom="readingOrder {index:5;}">
        <Coords points="343,1581 328,1586 301,1587 295,1591 294,1599 279,1601 271,1610 272,1639 276,1642 332,1641 343,1638 349,1631 357,1631 457,1635 466,1641 496,1635 751,1637 788,1641 793,1644 822,1640 836,1646 844,1642 868,1639 872,1644 903,1651 951,1650 977,1642 1124,1643 1126,1653 1132,1656 1155,1655 1164,1643 1187,1644 1214,1650 1220,1646 1267,1643 1499,1645 1506,1639 1513,1641 1516,1655 1532,1652 1538,1656 1550,1650 1568,1653 1574,1645 1672,1644 1678,1655 1689,1655 1700,1644 1871,1645 1879,1654 1896,1646 1999,1645 1999,1598 1959,1600 1933,1605 1929,1594 1918,1594 1911,1599 1892,1599 1884,1605 1778,1605 1773,1604 1766,1593 1757,1593 1742,1606 1716,1606 1714,1599 1709,1596 1697,1598 1685,1605 1611,1606 1606,1597 1592,1597 1587,1592 1509,1593 1503,1597 1501,1604 1488,1605 1423,1604 1416,1596 1405,1596 1399,1603 1371,1603 1364,1593 1355,1593 1344,1603 1324,1602 1320,1594 1309,1593 1298,1603 1181,1606 1179,1598 1170,1593 1150,1595 1140,1606 1063,1604 1054,1602 1047,1592 1038,1587 1033,1590 1030,1598 1003,1603 941,1602 939,1594 935,1592 842,1592 777,1597 771,1590 756,1592 750,1598 719,1599 702,1599 700,1593 695,1590 684,1590 676,1599 667,1599 661,1592 656,1591 640,1601 616,1597 614,1589 608,1584 594,1587 591,1597 571,1599 513,1598 509,1595 499,1595 492,1588 479,1588 472,1595 453,1595 451,1588 447,1586 436,1586 427,1594 419,1587 408,1586 399,1586 390,1593 365,1593 357,1591 351,1581"/>
        <Baseline points="272,1631 377,1622 864,1630 914,1639 975,1632 1999,1636"/>
        <Word id="region0006_line0006_word0000" custom="readingOrder {index:0;} textStyle {offset:0; length:7;italic:true; fontSize:0.0; kerning:0;}">
          <Coords points="322,1587 322,1631 349,1631 357,1631 452,1631 452,1591 451,1588 449,1587 434,1587 427,1594 419,1587 397,1587 390,1593 365,1593 357,1591 354,1587"/>
          <TextEquiv conf="0.5209908">
            <Unicode>ſamlich</Unicode>
          </TextEquiv>
        </Word>
        <Word id="region0006_line0006_word0001" custom="readingOrder {index:1;} textStyle {offset:0; length:3;italic:true; fontSize:0.0; kerning:0;}">
          <Coords points="475,1592 472,1595 466,1595 466,1633 529,1633 529,1598 513,1598 509,1595 499,1595 496,1592"/>
          <TextEquiv>
            <Unicode>für</Unicode>
          </TextEquiv>
        </Word>
        <Word id="region0006_line0006_word0002" custom="readingOrder {index:2;} textStyle {offset:0; length:3;italic:true; fontSize:0.0; kerning:0;}">
          <Coords points="544,1624 607,1623 607,1584 594,1587 591,1597 571,1599 544,1598"/>
          <TextEquiv conf="0.8363989">
            <Unicode>vnd</Unicode>
          </TextEquiv>
        </Word>
        <Word id="region0006_line0006_word0003" custom="readingOrder {index:3;} textStyle {offset:0; length:10;italic:true; fontSize:0.0; kerning:0;}">
          <Coords points="631,1627 806,1627 806,1594 777,1597 771,1590 756,1592 750,1598 719,1599 702,1599 700,1593 695,1590 684,1590 676,1599 667,1599 661,1592 656,1591 640,1601 631,1599"/>
          <TextEquiv conf="0.4443636">
            <Unicode>einbracht,</Unicode>
          </TextEquiv>
        </Word>
        <Word id="region0006_line0006_word0004" custom="readingOrder {index:4;} textStyle {offset:0; length:8;italic:true; fontSize:0.0; kerning:0;}">
          <Coords points="827,1633 945,1633 945,1602 941,1602 939,1594 935,1592 842,1592 827,1593"/>
          <TextEquiv conf="0.72366625">
            <Unicode>fleiſſig</Unicode>
          </TextEquiv>
        </Word>
        <Word id="region0006_line0006_word0005" custom="readingOrder {index:5;} textStyle {offset:0; length:4;italic:true; fontSize:0.0; kerning:0;}">
          <Coords points="965,1621 1045,1621 1045,1590 1038,1587 1033,1590 1030,1598 1003,1603 965,1602"/>
          <TextEquiv conf="0.8770128">
            <Unicode>wolt</Unicode>
          </TextEquiv>
        </Word>
        <Word id="region0006_line0006_word0006" custom="readingOrder {index:6;} textStyle {offset:0; length:9;italic:true; fontSize:0.0; kerning:0;}">
          <Coords points="1062,1634 1220,1633 1220,1605 1181,1606 1179,1598 1170,1593 1150,1595 1140,1606 1063,1604 1062,1603"/>
          <TextEquiv conf="0.86955696">
            <Unicode>ermeſſen,</Unicode>
          </TextEquiv>
        </Word>
        <Word id="region0006_line0006_word0007" custom="readingOrder {index:7;} textStyle {offset:0; length:3;italic:true; fontSize:0.0; kerning:0;}">
          <Coords points="1253,1620 1315,1620 1315,1593 1309,1593 1298,1603 1253,1604"/>
          <TextEquiv conf="0.8668886">
            <Unicode>vnd</Unicode>
          </TextEquiv>
        </Word>
        <Word id="word_1666083717063_799" custom="readingOrder {index:8;} textStyle {offset:0; length:3;italic:true; fontSize:0.0; kerning:0;}">
          <Coords points="1340,1602 1344,1603 1355,1593 1364,1593 1371,1603 1399,1603 1403,1598 1403,1621 1340,1621"/>
          <TextEquiv>
            <Unicode>das</Unicode>
          </TextEquiv>
        </Word>
        <Word id="word_1666083717063_798" custom="readingOrder {index:9;} textStyle {offset:0; length:2;italic:true; fontSize:0.0; kerning:0;}">
          <Coords points="1405,1596 1416,1596 1423,1604 1450,1604 1450,1621 1403,1621 1403,1598"/>
          <TextEquiv>
            <Unicode>er</Unicode>
          </TextEquiv>
        </Word>
        <Word id="region0006_line0006_word0009" custom="readingOrder {index:10;} textStyle {offset:0; length:4;italic:true; fontSize:0.0; kerning:0;}">
          <Coords points="1472,1633 1546,1633 1546,1592 1509,1593 1503,1597 1501,1604 1488,1605 1472,1604"/>
          <TextEquiv conf="0.6782988">
            <Unicode>auff</Unicode>
          </TextEquiv>
        </Word>
        <Word id="region0006_line0006_word0010" custom="readingOrder {index:11;} textStyle {offset:0; length:4;italic:true; fontSize:0.0; kerning:0;}">
          <Coords points="1556,1633 1625,1633 1625,1605 1611,1606 1606,1597 1592,1597 1587,1592 1556,1592"/>
          <TextEquiv conf="0.91986877">
            <Unicode>ſein</Unicode>
          </TextEquiv>
        </Word>
        <Word id="region0006_line0006_word0011" custom="readingOrder {index:12;} textStyle {offset:0; length:9;italic:true; fontSize:0.0; kerning:0;}">
          <Coords points="1653,1632 1818,1631 1818,1605 1778,1605 1773,1604 1766,1593 1757,1593 1742,1606 1716,1606 1714,1599 1709,1596 1697,1598 1685,1605 1653,1605"/>
          <TextEquiv conf="0.9122467">
            <Unicode>erſundene</Unicode>
          </TextEquiv>
        </Word>
        <Word id="region0006_line0006_word0012" custom="readingOrder {index:13;} textStyle {offset:0; length:8;italic:true; fontSize:0.0; kerning:0;}">
          <Coords points="1843,1632 1986,1632 1986,1598 1959,1600 1933,1605 1929,1594 1918,1594 1911,1599 1892,1599 1884,1605 1843,1605"/>
          <TextEquiv conf="0.6433876">
            <Unicode>vnſchuld</Unicode>
          </TextEquiv>
        </Word>
        <TextEquiv>
          <Unicode>ſamlich für vnd einbracht, fleiſſig wolt ermeſſen, vnd das er auff ſein erſundene vnſchuld</Unicode>
        </TextEquiv>
      </TextLine>
      <TextLine id="region0006_line0007" custom="readingOrder {index:6;}">
        <Coords points="364,1634 356,1642 272,1643 267,1648 267,1672 272,1677 282,1678 374,1682 548,1681 589,1683 841,1687 847,1688 854,1697 867,1696 876,1688 916,1688 932,1698 940,1696 944,1689 992,1689 997,1690 999,1698 1002,1699 1026,1693 1093,1693 1111,1695 1130,1706 1143,1706 1163,1697 1254,1694 1256,1704 1264,1707 1306,1707 1326,1699 1337,1700 1339,1695 1358,1696 1371,1702 1385,1700 1390,1703 1398,1697 1417,1695 1631,1697 1642,1707 1649,1707 1656,1702 1658,1696 1785,1696 1787,1702 1794,1703 1810,1702 1813,1697 1985,1697 1999,1692 1999,1657 1968,1657 1961,1649 1953,1649 1945,1657 1903,1658 1898,1647 1879,1655 1872,1647 1856,1647 1850,1651 1842,1645 1798,1645 1789,1649 1787,1657 1744,1658 1677,1656 1671,1648 1666,1647 1654,1648 1646,1655 1629,1656 1625,1647 1614,1646 1604,1655 1585,1655 1580,1651 1571,1651 1568,1654 1550,1651 1538,1657 1532,1653 1516,1656 1512,1641 1506,1640 1500,1645 1503,1657 1496,1657 1490,1647 1443,1647 1428,1656 1326,1655 1324,1646 1320,1644 1276,1644 1272,1647 1270,1655 1213,1656 1196,1656 1192,1646 1180,1645 1169,1655 1132,1657 1071,1649 1044,1650 1038,1644 1022,1644 1015,1650 996,1652 967,1648 903,1652 890,1651 886,1647 869,1643 865,1646 841,1644 832,1647 822,1641 801,1648 758,1647 756,1640 751,1638 739,1639 732,1646 682,1646 675,1638 653,1639 646,1646 638,1646 633,1645 627,1637 616,1637 598,1644 516,1645 505,1636 496,1636 485,1642 466,1642 456,1636 438,1642 405,1643"/>
        <Baseline points="267,1668 1277,1688"/>
        <Word id="region0006_line0007_word0000" custom="readingOrder {index:0;} textStyle {offset:0; length:3;italic:true; fontSize:0.0; kerning:0;}">
          <Coords points="327,1643 387,1643 387,1673 327,1673"/>
          <TextEquiv conf="0.9209199">
            <Unicode>mit</Unicode>
          </TextEquiv>
        </Word>
        <Word id="region0006_line0007_word0001" custom="readingOrder {index:1;} textStyle {offset:0; length:9;italic:true; fontSize:0.0; kerning:0;}">
          <Coords points="438,1642 405,1643 401,1642 401,1674 546,1674 546,1644 516,1645 512,1642 485,1642 466,1642"/>
          <TextEquiv conf="0.8694115">
            <Unicode>entlicher</Unicode>
          </TextEquiv>
        </Word>
        <Word id="region0006_line0007_word0002" custom="readingOrder {index:2;} textStyle {offset:0; length:7;italic:true; fontSize:0.0; kerning:0;}">
          <Coords points="599,1644 598,1644 560,1644 560,1674 673,1673 673,1643 649,1643 646,1646 638,1646 633,1645 632,1643"/>
          <TextEquiv conf="0.77622473">
            <Unicode>vrtheil</Unicode>
          </TextEquiv>
        </Word>
        <Word id="region0006_line0007_word0003" custom="readingOrder {index:3;} textStyle {offset:0; length:3;italic:true; fontSize:0.0; kerning:0;}">
          <Coords points="686,1672 749,1672 749,1641 737,1641 732,1646 686,1646"/>
          <TextEquiv conf="0.87688917">
            <Unicode>vnd</Unicode>
          </TextEquiv>
        </Word>
        <Word id="region0006_line0007_word0004" custom="readingOrder {index:4;} textStyle {offset:0; length:5;italic:true; fontSize:0.0; kerning:0;}">
          <Coords points="764,1673 848,1673 848,1644 841,1644 832,1647 822,1641 801,1648 764,1647"/>
          <TextEquiv conf="0.9151674">
            <Unicode>recht</Unicode>
          </TextEquiv>
        </Word>
        <Word id="region0006_line0007_word0005" custom="readingOrder {index:5;} textStyle {offset:0; length:5;italic:true; fontSize:0.0; kerning:0;}">
          <Coords points="857,1682 965,1682 965,1648 903,1652 890,1651 886,1647 869,1643 865,1646 857,1645"/>
          <TextEquiv conf="0.84036803">
            <Unicode>ſampt</Unicode>
          </TextEquiv>
        </Word>
        <Word id="region0006_line0007_word0006" custom="readingOrder {index:6;} textStyle {offset:0; length:10;italic:true; fontSize:0.0; kerning:0;}">
          <Coords points="980,1684 1150,1684 1150,1656 1132,1657 1071,1649 1044,1650 1038,1644 1022,1644 1015,1650 996,1652 980,1649"/>
          <TextEquiv conf="0.87865525">
            <Unicode>erſtattung</Unicode>
          </TextEquiv>
        </Word>
        <Word id="region0006_line0007_word0007" custom="readingOrder {index:7;} textStyle {offset:0; length:3;italic:true; fontSize:0.0; kerning:0;}">
          <Coords points="1165,1672 1222,1672 1222,1655 1213,1656 1196,1656 1192,1646 1180,1645 1169,1655 1165,1655"/>
          <TextEquiv conf="0.90627974">
            <Unicode>der</Unicode>
          </TextEquiv>
        </Word>
        <Word id="region0006_line0007_word0008" custom="readingOrder {index:8;} textStyle {offset:0; length:10;italic:true; fontSize:0.0; kerning:0;}">
          <Coords points="1237,1683 1432,1683 1432,1653 1428,1656 1326,1655 1324,1646 1320,1644 1276,1644 1272,1647 1270,1655 1237,1655"/>
          <TextEquiv conf="0.8938244">
            <Unicode>auffgangen</Unicode>
          </TextEquiv>
        </Word>
        <Word id="region0006_line0007_word0009" custom="readingOrder {index:9;} textStyle {offset:0; length:8;italic:true; fontSize:0.0; kerning:0;}">
          <Coords points="1456,1673 1596,1673 1596,1655 1585,1655 1580,1651 1571,1651 1568,1654 1550,1651 1538,1657 1532,1653 1516,1656 1512,1641 1506,1640 1500,1645 1503,1657 1496,1657 1490,1647 1456,1647"/>
          <TextEquiv conf="0.8867174">
            <Unicode>Gerichts</Unicode>
          </TextEquiv>
        </Word>
        <Word id="region0006_line0007_word0010" custom="readingOrder {index:10;} textStyle {offset:0; length:6;italic:true; fontSize:0.0; kerning:0;}">
          <Coords points="1608,1683 1706,1683 1706,1656 1677,1656 1671,1648 1666,1647 1654,1648 1646,1655 1629,1656 1625,1647 1614,1646 1608,1651"/>
          <TextEquiv>
            <Unicode>koſten</Unicode>
          </TextEquiv>
        </Word>
        <Word id="region0006_line0007_word0011" custom="readingOrder {index:11;} textStyle {offset:0; length:3;italic:true; fontSize:0.0; kerning:0;}">
          <Coords points="1720,1673 1785,1672 1785,1657 1744,1658 1720,1657"/>
          <TextEquiv conf="0.91754496">
            <Unicode>vnn</Unicode>
          </TextEquiv>
        </Word>
        <Word id="region0006_line0007_word0012" custom="readingOrder {index:12;} textStyle {offset:0; length:7;italic:true; fontSize:0.0; kerning:0;}">
          <Coords points="1795,1682 1932,1682 1932,1657 1903,1658 1898,1647 1879,1655 1872,1647 1856,1647 1850,1651 1842,1645 1798,1645 1795,1646"/>
          <TextEquiv>
            <Unicode>ſchäden</Unicode>
          </TextEquiv>
        </Word>
        <Word id="region0006_line0007_word0013" custom="readingOrder {index:13;} textStyle {offset:0; length:3;italic:true; fontSize:0.0; kerning:0;}">
          <Coords points="1949,1672 1987,1672 1987,1657 1968,1657 1961,1649 1953,1649 1949,1653"/>
          <TextEquiv conf="0.887336">
            <Unicode>le-</Unicode>
          </TextEquiv>
        </Word>
        <TextEquiv>
          <Unicode>mit entlicher vrtheil vnd recht ſampt erſtattung der auffgangen Gerichts koſten vnn ſchäden le-</Unicode>
        </TextEquiv>
      </TextLine>
      <TextLine id="region0006_line0008" custom="readingOrder {index:7;}">
        <Coords points="342,1681 332,1690 274,1693 271,1697 272,1724 278,1728 341,1729 367,1737 400,1734 418,1727 584,1729 639,1733 649,1737 698,1732 790,1733 913,1740 919,1746 928,1749 942,1749 952,1741 977,1737 982,1740 982,1746 988,1753 1003,1751 1010,1741 1036,1741 1040,1743 1040,1752 1043,1756 1099,1756 1105,1746 1124,1746 1261,1749 1269,1755 1314,1755 1319,1749 1338,1747 1598,1748 1602,1756 1621,1756 1627,1747 1665,1745 1670,1756 1687,1756 1692,1748 1898,1750 1902,1755 1936,1755 1941,1748 1999,1744 1999,1709 1957,1710 1955,1702 1950,1698 1938,1699 1928,1710 1923,1711 1911,1711 1909,1702 1901,1698 1852,1699 1846,1709 1810,1709 1809,1703 1786,1703 1782,1708 1777,1701 1764,1699 1756,1700 1746,1709 1736,1709 1730,1701 1719,1701 1712,1709 1643,1709 1631,1698 1590,1698 1583,1700 1579,1706 1556,1702 1549,1707 1520,1707 1513,1699 1504,1699 1495,1707 1485,1707 1481,1698 1467,1698 1457,1708 1402,1707 1385,1701 1371,1703 1365,1700 1347,1706 1338,1706 1337,1701 1326,1700 1306,1708 1264,1708 1242,1707 1237,1703 1225,1704 1220,1697 1210,1696 1197,1707 1180,1707 1174,1706 1169,1698 1158,1700 1147,1707 1116,1707 1113,1697 1093,1694 1057,1695 1049,1702 1041,1703 1030,1701 1025,1696 1005,1700 932,1699 916,1689 891,1693 887,1689 876,1689 867,1697 851,1698 790,1696 783,1687 773,1686 762,1692 750,1692 745,1685 732,1685 725,1692 704,1694 692,1694 686,1686 674,1686 667,1694 656,1694 638,1693 636,1687 631,1684 620,1684 612,1692 560,1693 534,1691 529,1687 519,1687 514,1691 457,1691 455,1684 452,1683 437,1684 430,1691 411,1691 372,1690 365,1683"/>
        <Baseline points="272,1719 797,1723 1275,1741 1675,1736 1909,1741 1999,1735"/>
        <Word id="region0006_line0008_word0000" custom="readingOrder {index:0;} textStyle {offset:0; length:3;italic:true; fontSize:0.0; kerning:0;}">
          <Coords points="334,1688 332,1690 328,1690 328,1728 387,1728 387,1690 372,1690 370,1688"/>
          <TextEquiv conf="0.9140884">
            <Unicode>dig</Unicode>
          </TextEquiv>
        </Word>
        <Word id="region0006_line0008_word0001" custom="readingOrder {index:1;} textStyle {offset:0; length:7;italic:true; fontSize:0.0; kerning:0;}">
          <Coords points="432,1689 430,1691 411,1691 402,1690 402,1719 529,1719 529,1689 516,1689 514,1691 457,1691 456,1689"/>
          <TextEquiv conf="0.9161587">
            <Unicode>erkennt</Unicode>
          </TextEquiv>
        </Word>
        <Word id="region0006_line0008_word0002" custom="readingOrder {index:2;} textStyle {offset:0; length:6;italic:true; fontSize:0.0; kerning:0;}">
          <Coords points="614,1689 612,1692 560,1693 542,1691 542,1726 662,1725 662,1694 656,1694 638,1693 636,1689"/>
          <TextEquiv conf="0.9068233">
            <Unicode>werde,</Unicode>
          </TextEquiv>
        </Word>
        <Word id="region0006_line0008_word0003" custom="readingOrder {index:3;} textStyle {offset:0; length:3;italic:true; fontSize:0.0; kerning:0;}">
          <Coords points="677,1688 677,1720 741,1720 741,1688 729,1688 725,1692 704,1694 692,1694 687,1688"/>
          <TextEquiv conf="0.9233914">
            <Unicode>vnd</Unicode>
          </TextEquiv>
        </Word>
        <Word id="region0006_line0008_word0004" custom="readingOrder {index:4;} textStyle {offset:0; length:3;italic:true; fontSize:0.0; kerning:0;}">
          <Coords points="767,1689 762,1692 757,1692 757,1719 813,1719 813,1696 790,1696 784,1689"/>
          <TextEquiv conf="0.89826447">
            <Unicode>der</Unicode>
          </TextEquiv>
        </Word>
        <Word id="region0006_line0008_word0005" custom="readingOrder {index:5;} textStyle {offset:0; length:8;italic:true; fontSize:0.0; kerning:0;}">
          <Coords points="828,1729 983,1729 983,1699 932,1699 916,1689 891,1693 887,1689 876,1689 867,1697 851,1698 828,1697"/>
          <TextEquiv conf="0.7284349">
            <Unicode>ankläger</Unicode>
          </TextEquiv>
        </Word>
        <Word id="region0006_line0008_word0006" custom="readingOrder {index:6;} textStyle {offset:0; length:6;italic:true; fontSize:0.0; kerning:0;}">
          <Coords points="991,1733 1093,1733 1093,1694 1057,1695 1049,1702 1041,1703 1030,1701 1025,1696 1005,1700 991,1699"/>
          <TextEquiv>
            <Unicode>ſtraff</Unicode>
          </TextEquiv>
        </Word>
        <Word id="region0006_line0008_word0007" custom="readingOrder {index:7;} textStyle {offset:0; length:3;italic:true; fontSize:0.0; kerning:0;}">
          <Coords points="1101,1721 1165,1720 1165,1698 1158,1700 1147,1707 1116,1707 1113,1697 1101,1695"/>
          <TextEquiv conf="0.9309335">
            <Unicode>vnd</Unicode>
          </TextEquiv>
        </Word>
        <Word id="region0006_line0008_word0008" custom="readingOrder {index:8;} textStyle {offset:0; length:6;italic:true; fontSize:0.0; kerning:0;}">
          <Coords points="1182,1730 1301,1730 1301,1708 1264,1708 1242,1707 1237,1703 1225,1704 1220,1697 1210,1696 1197,1707 1182,1707"/>
          <TextEquiv conf="0.90407515">
            <Unicode>abtrag</Unicode>
          </TextEquiv>
        </Word>
        <Word id="region0006_line0008_word0009" custom="readingOrder {index:9;} textStyle {offset:0; length:4;italic:true; fontSize:0.0; kerning:0;}">
          <Coords points="1316,1719 1388,1719 1388,1702 1385,1701 1371,1703 1365,1700 1347,1706 1338,1706 1337,1701 1326,1700 1316,1704"/>
          <TextEquiv conf="0.91136414">
            <Unicode>halb</Unicode>
          </TextEquiv>
        </Word>
        <Word id="region0006_line0008_word0010" custom="readingOrder {index:10;} textStyle {offset:0; length:4;italic:true; fontSize:0.0; kerning:0;}">
          <Coords points="1405,1719 1483,1719 1483,1702 1481,1698 1467,1698 1457,1708 1405,1707"/>
          <TextEquiv conf="0.9253131">
            <Unicode>nach</Unicode>
          </TextEquiv>
        </Word>
        <Word id="region0006_line0008_word0011" custom="readingOrder {index:11;} textStyle {offset:0; length:4;italic:true; fontSize:0.0; kerning:0;}">
          <Coords points="1498,1719 1565,1719 1565,1703 1556,1702 1549,1707 1520,1707 1513,1699 1504,1699 1498,1704"/>
          <TextEquiv conf="0.7084883">
            <Unicode>laut</Unicode>
          </TextEquiv>
        </Word>
        <Word id="region0006_line0008_word0012" custom="readingOrder {index:12;} textStyle {offset:0; length:5;italic:true; fontSize:0.0; kerning:0;}">
          <Coords points="1581,1730 1663,1730 1663,1709 1643,1709 1631,1698 1590,1698 1583,1700 1581,1703"/>
          <TextEquiv conf="0.9082004">
            <Unicode>diſer</Unicode>
          </TextEquiv>
        </Word>
        <Word id="region0006_line0008_word0013" custom="readingOrder {index:13;} textStyle {offset:0; length:10;italic:true; fontSize:0.0; kerning:0;}">
          <Coords points="1675,1728 1846,1727 1846,1709 1810,1709 1809,1703 1786,1703 1782,1708 1777,1701 1764,1699 1756,1700 1746,1709 1736,1709 1730,1701 1719,1701 1712,1709 1675,1709"/>
          <TextEquiv conf="0.9033045">
            <Unicode>peinlichen</Unicode>
          </TextEquiv>
        </Word>
        <Word id="region0006_line0008_word0014" custom="readingOrder {index:14;} textStyle {offset:0; length:7;italic:true; fontSize:0.0; kerning:0;}">
          <Coords points="1863,1729 1988,1729 1988,1709 1957,1710 1955,1702 1950,1698 1938,1699 1928,1710 1923,1711 1911,1711 1909,1702 1901,1698 1863,1698"/>
          <TextEquiv conf="0.7137844">
            <Unicode>Keyſer-</Unicode>
          </TextEquiv>
        </Word>
        <TextEquiv>
          <Unicode>dig erkennt werde, vnd der ankläger ſtraff vnd abtrag halb nach laut diſer peinlichen Keyſer-</Unicode>
        </TextEquiv>
      </TextLine>
      <TextLine id="region0007_line0001" custom="readingOrder {index:8;}">
        <Coords points="316,1731 316,1776 417,1775 593,1784 707,1784 725,1786 727,1792 734,1796 786,1796 821,1789 852,1788 926,1793 1080,1796 1085,1798 1086,1806 1092,1810 1107,1808 1113,1799 1148,1800 1162,1802 1168,1810 1190,1812 1226,1810 1242,1802 1286,1800 1509,1802 1530,1804 1535,1809 1544,1809 1550,1804 1593,1801 1723,1801 1728,1802 1734,1811 1746,1812 1774,1811 1782,1803 1800,1803 1804,1809 1814,1811 1873,1811 1934,1802 1992,1799 1992,1760 1919,1761 1883,1758 1879,1755 1837,1760 1687,1760 1683,1751 1671,1749 1660,1760 1619,1758 1612,1751 1603,1751 1595,1758 1567,1759 1533,1755 1519,1757 1515,1750 1503,1749 1492,1759 1484,1752 1474,1752 1467,1760 1457,1760 1455,1754 1448,1750 1397,1750 1387,1753 1381,1760 1343,1761 1338,1751 1326,1750 1316,1760 1245,1761 1168,1759 1148,1757 1143,1753 1128,1756 1121,1747 1109,1747 1098,1757 995,1754 985,1741 976,1741 965,1750 958,1744 947,1742 938,1742 933,1746 923,1746 919,1749 889,1750 794,1744 697,1744 692,1743 690,1736 685,1732 674,1733 665,1743 633,1743 587,1740 583,1737 574,1737 570,1740 565,1731 553,1731 543,1741 535,1732 523,1733 518,1741 506,1741 502,1731 439,1731 426,1737 391,1737 388,1731 368,1731 364,1735 359,1731"/>
        <Word id="region0007_line0001_word0000" custom="readingOrder {index:0;} textStyle {offset:0; length:6;italic:true; fontSize:0.0; kerning:0;}">
          <Coords points="328,1740 428,1740 428,1772 328,1772"/>
          <TextEquiv conf="0.91423684">
            <Unicode>lichen</Unicode>
          </TextEquiv>
        </Word>
        <Word id="region0007_line0001_word0001" custom="readingOrder {index:1;} textStyle {offset:0; length:8;italic:true; fontSize:0.0; kerning:0;}">
          <Coords points="459,1739 459,1773 600,1773 600,1740 587,1740 585,1739 571,1739 570,1740 569,1739 545,1739 543,1741 541,1739 519,1739 518,1741 506,1741 505,1739"/>
          <TextEquiv conf="0.8367767">
            <Unicode>Gerichts</Unicode>
          </TextEquiv>
        </Word>
        <Word id="region0007_line0001_word0002" custom="readingOrder {index:2;} textStyle {offset:0; length:8;italic:true; fontSize:0.0; kerning:0;}">
          <Coords points="671,1736 665,1743 633,1743 624,1742 624,1780 788,1780 788,1744 697,1744 692,1743 690,1736"/>
          <TextEquiv conf="0.9051906">
            <Unicode>ordnung,</Unicode>
          </TextEquiv>
        </Word>
        <Word id="region0007_line0001_word0003" custom="readingOrder {index:3;} textStyle {offset:0; length:2;italic:true; fontSize:0.0; kerning:0;}">
          <Coords points="814,1746 814,1769 858,1769 858,1748 825,1746"/>
          <TextEquiv>
            <Unicode>zu</Unicode>
          </TextEquiv>
        </Word>
        <Word id="region0007_line0001_word0004" custom="readingOrder {index:4;} textStyle {offset:0; length:9;italic:true; fontSize:0.0; kerning:0;}">
          <Coords points="882,1771 1038,1771 1038,1755 995,1754 985,1741 976,1741 965,1750 958,1744 947,1742 938,1742 933,1746 923,1746 919,1749 889,1750 882,1749"/>
          <TextEquiv conf="0.8651964">
            <Unicode>entlichem</Unicode>
          </TextEquiv>
        </Word>
        <Word id="region0007_line0001_word0005" custom="readingOrder {index:5;} textStyle {offset:0; length:8;italic:true; fontSize:0.0; kerning:0;}">
          <Coords points="1058,1783 1207,1783 1207,1760 1168,1759 1148,1757 1143,1753 1128,1756 1121,1747 1109,1747 1098,1757 1058,1755"/>
          <TextEquiv>
            <Unicode>auſstrag</Unicode>
          </TextEquiv>
        </Word>
        <Word id="region0007_line0001_word0006" custom="readingOrder {index:6;} textStyle {offset:0; length:3;italic:true; fontSize:0.0; kerning:0;}">
          <Coords points="1229,1771 1288,1771 1288,1760 1245,1761 1229,1760"/>
          <TextEquiv conf="0.88223624">
            <Unicode>vor</Unicode>
          </TextEquiv>
        </Word>
        <Word id="region0007_line0001_word0007" custom="readingOrder {index:7;} textStyle {offset:0; length:3;italic:true; fontSize:0.0; kerning:0;}">
          <Coords points="1313,1771 1381,1771 1381,1760 1343,1761 1338,1751 1326,1750 1316,1760 1313,1760"/>
          <TextEquiv conf="0.9115179">
            <Unicode>dem</Unicode>
          </TextEquiv>
        </Word>
        <Word id="region0007_line0001_word0008" custom="readingOrder {index:8;} textStyle {offset:0; length:8;italic:true; fontSize:0.0; kerning:0;}">
          <Coords points="1409,1779 1548,1779 1548,1756 1533,1755 1519,1757 1515,1750 1503,1749 1492,1759 1484,1752 1474,1752 1467,1760 1457,1760 1455,1754 1448,1750 1409,1750"/>
          <TextEquiv conf="0.9097178">
            <Unicode>Gericht,</Unicode>
          </TextEquiv>
        </Word>
        <Word id="region0007_line0001_word0009" custom="readingOrder {index:9;} textStyle {offset:0; length:3;italic:true; fontSize:0.0; kerning:0;}">
          <Coords points="1577,1769 1626,1769 1626,1758 1619,1758 1612,1751 1603,1751 1595,1758 1577,1758"/>
          <TextEquiv conf="0.91832894">
            <Unicode>als</Unicode>
          </TextEquiv>
        </Word>
        <Word id="region0007_line0001_word0010" custom="readingOrder {index:10;} textStyle {offset:0; length:2;italic:true; fontSize:0.0; kerning:0;}">
          <Coords points="1647,1770 1684,1770 1684,1753 1683,1751 1671,1749 1660,1760 1647,1759"/>
          <TextEquiv conf="0.92825127">
            <Unicode>ob</Unicode>
          </TextEquiv>
        </Word>
        <Word id="region0007_line0001_word0011" custom="readingOrder {index:11;} textStyle {offset:0; length:10;italic:true; fontSize:0.0; kerning:0;}">
          <Coords points="1700,1779 1895,1778 1895,1759 1883,1758 1879,1755 1837,1760 1700,1760"/>
          <TextEquiv>
            <Unicode>angezeygt,</Unicode>
          </TextEquiv>
        </Word>
        <Word id="region0007_line0001_word0012" custom="readingOrder {index:12;} textStyle {offset:0; length:4;italic:true; fontSize:0.0; kerning:0;}">
          <Coords points="1922,1767 1989,1767 1989,1760 1922,1760"/>
          <TextEquiv conf="0.91957015">
            <Unicode>ver-</Unicode>
          </TextEquiv>
        </Word>
        <TextEquiv>
          <Unicode>lichen Gerichts ordnung, zu entlichem auſstrag vor dem Gericht, als ob angezeygt, ver-</Unicode>
        </TextEquiv>
      </TextLine>
      <TextLine id="region0007_line0002" custom="readingOrder {index:9;}">
        <Coords points="404,1776 394,1785 387,1777 356,1777 350,1783 316,1785 316,1831 366,1831 369,1827 453,1831 612,1831 617,1825 617,1797 612,1793 549,1792 543,1782 533,1782 522,1791 470,1790 441,1787 434,1783 421,1784 413,1776"/>
        <Word id="region0007_line0002_word0000" custom="readingOrder {index:0;} textStyle {offset:0; length:7;italic:true; fontSize:0.0; kerning:0;}">
          <Coords points="322,1785 434,1785 434,1827 322,1827"/>
          <TextEquiv>
            <Unicode>pflicht</Unicode>
          </TextEquiv>
        </Word>
        <Word id="region0007_line0002_word0001" custom="readingOrder {index:1;} textStyle {offset:0; length:6;italic:true; fontSize:0.0; kerning:0;}">
          <Coords points="528,1786 522,1791 470,1790 454,1788 454,1822 566,1822 566,1792 549,1792 545,1786"/>
          <TextEquiv conf="0.69506025">
            <Unicode>werde.</Unicode>
          </TextEquiv>
        </Word>
        <TextEquiv>
          <Unicode>pflicht werde.</Unicode>
        </TextEquiv>
      </TextLine>
      <TextEquiv>
        <Unicode>Herr Richter, B. der beklagt antwort zu der beklagten miſſethat, ſo durch A. als Kläger&#13;
wider jn geſchehen iſt, die er mit C. geübt haben ſoll, inn allermaſſen wie er vormals geant-&#13;
wort hat, vnd gnugſam fürbracht iſt, Vnd bitt, das jr derſelben beſchehen klag, vnd ant-&#13;
wort halb, alle handlung vnd auffſchreibung, wie das alles nach löblicher rechtmeſſiger Key-&#13;
ſer Karls des fünfften, vnnd des heyligen Reichs peinlichen Gerichts ordnung vormals gnug-&#13;
ſamlich für vnd einbracht, fleiſſig wolt ermeſſen, vnd das er auff ſein erſundene vnſchuld&#13;
mit entlicher vrtheil vnd recht ſampt erſtattung der auffgangen Gerichts koſten vnn ſchäden le-&#13;
dig erkennt werde, vnd der ankläger ſtraff vnd abtrag halb nach laut diſer peinlichen Keyſer-&#13;
lichen Gerichts ordnung, zu entlichem auſstrag vor dem Gericht, als ob angezeygt, ver-&#13;
pflicht werde.</Unicode>
      </TextEquiv>
    </TextRegion>
    <TextRegion orientation="0.096103534" readingDirection="left-to-right" id="TextRegion_1666082327296_471" custom="readingOrder {index:8;}">
      <Coords points="320,1891 1995,1891 1995,2069 1991,2156 322,2156 320,2069"/>
      <TextLine id="region0008_line0001" custom="readingOrder {index:0;}">
        <Coords points="432,1892 430,1934 438,1940 548,1938 692,1941 786,1945 802,1951 821,1953 842,1947 908,1948 915,1960 945,1959 952,1950 993,1951 1069,1955 1074,1962 1097,1956 1146,1957 1167,1961 1172,1959 1185,1967 1196,1967 1204,1962 1225,1957 1994,1960 1994,1920 1961,1920 1959,1912 1954,1908 1944,1908 1932,1919 1878,1918 1873,1913 1863,1913 1859,1910 1849,1910 1841,1918 1817,1919 1809,1919 1807,1911 1801,1907 1791,1908 1781,1919 1773,1910 1751,1907 1740,1908 1731,1919 1714,1919 1707,1908 1695,1907 1686,1909 1680,1920 1668,1920 1630,1914 1608,1914 1585,1906 1541,1909 1535,1918 1527,1919 1475,1917 1470,1913 1459,1913 1454,1917 1395,1918 1389,1912 1379,1912 1372,1918 1337,1918 1297,1915 1280,1907 1270,1907 1256,1916 1217,1917 1195,1917 1195,1901 1190,1897 1181,1897 1174,1905 1161,1905 1152,1917 1137,1918 1133,1916 1133,1908 1128,1903 1044,1904 1035,1912 1028,1910 1024,1900 1012,1899 1001,1910 953,1910 951,1903 946,1899 933,1898 922,1910 913,1910 904,1896 845,1896 824,1903 779,1904 766,1903 758,1895 750,1895 741,1903 671,1902 669,1895 664,1891 654,1891 643,1901 537,1898 517,1892"/>
        <Baseline points="430,1930 712,1931 1165,1949 1994,1950"/>
        <Word id="region0008_line0001_word0000" custom="readingOrder {index:0;} textStyle {offset:0; length:4;italic:true; fontSize:0.0; kerning:0;}">
          <Coords points="482,1900 559,1900 559,1933 482,1933"/>
          <TextEquiv conf="0.92074907">
            <Unicode>Item</Unicode>
          </TextEquiv>
        </Word>
        <Word id="region0008_line0001_word0001" custom="readingOrder {index:1;} textStyle {offset:0; length:2;italic:true; fontSize:0.0; kerning:0;}">
          <Coords points="576,1911 624,1910 624,1932 576,1933"/>
          <TextEquiv conf="0.8811592">
            <Unicode>wo</Unicode>
          </TextEquiv>
        </Word>
        <Word id="region0008_line0001_word0002" custom="readingOrder {index:2;} textStyle {offset:0; length:3;italic:true; fontSize:0.0; kerning:0;}">
          <Coords points="645,1899 643,1901 640,1900 640,1932 697,1932 697,1902 671,1902 670,1899"/>
          <TextEquiv conf="0.90078527">
            <Unicode>der</Unicode>
          </TextEquiv>
        </Word>
        <Word id="region0008_line0001_word0003" custom="readingOrder {index:3;} textStyle {offset:0; length:7;italic:true; fontSize:0.0; kerning:0;}">
          <Coords points="744,1900 741,1903 711,1902 711,1941 739,1943 838,1943 838,1900 833,1900 824,1903 779,1904 766,1903 763,1900"/>
          <TextEquiv conf="0.8978058">
            <Unicode>erlangt</Unicode>
          </TextEquiv>
        </Word>
        <Word id="region0008_line0001_word0004" custom="readingOrder {index:4;} textStyle {offset:0; length:9;italic:true; fontSize:0.0; kerning:0;}">
          <Coords points="855,1897 855,1944 1027,1944 1027,1907 1024,1900 1012,1899 1001,1910 953,1910 951,1903 946,1899 933,1898 922,1910 913,1910 904,1897"/>
          <TextEquiv>
            <Unicode>Fürſprech</Unicode>
          </TextEquiv>
        </Word>
        <Word id="region0008_line0001_word0005" custom="readingOrder {index:5;} textStyle {offset:0; length:4;italic:true; fontSize:0.0; kerning:0;}">
          <Coords points="1051,1945 1113,1945 1113,1903 1051,1903"/>
          <TextEquiv conf="0.92306226">
            <Unicode>diſe</Unicode>
          </TextEquiv>
        </Word>
        <Word id="region0008_line0001_word0006" custom="readingOrder {index:6;} textStyle {offset:0; length:9;italic:true; fontSize:0.0; kerning:0;}">
          <Coords points="1140,1942 1305,1941 1305,1915 1297,1915 1280,1907 1270,1907 1256,1916 1217,1917 1195,1917 1195,1901 1190,1897 1181,1897 1174,1905 1161,1905 1152,1917 1140,1917"/>
          <TextEquiv conf="0.82596534">
            <Unicode>obgemelte</Unicode>
          </TextEquiv>
        </Word>
        <Word id="region0008_line0001_word0007" custom="readingOrder {index:7;} textStyle {offset:0; length:7;italic:true; fontSize:0.0; kerning:0;}">
          <Coords points="1331,1932 1470,1932 1470,1913 1459,1913 1454,1917 1395,1918 1389,1912 1379,1912 1372,1918 1337,1918 1331,1917"/>
          <TextEquiv conf="0.3234181">
            <Unicode>antwort</Unicode>
          </TextEquiv>
        </Word>
        <Word id="region0008_line0001_word0008" custom="readingOrder {index:8;} textStyle {offset:0; length:3;italic:true; fontSize:0.0; kerning:0;}">
          <Coords points="1489,1933 1554,1933 1554,1908 1541,1909 1535,1918 1527,1919 1489,1917"/>
          <TextEquiv conf="0.8964515">
            <Unicode>vnd</Unicode>
          </TextEquiv>
        </Word>
        <Word id="region0008_line0001_word0009" custom="readingOrder {index:9;} textStyle {offset:0; length:4;italic:true; fontSize:0.0; kerning:0;}">
          <Coords points="1572,1934 1629,1934 1629,1914 1608,1914 1585,1906 1572,1906"/>
          <TextEquiv conf="0.91786873">
            <Unicode>bitt</Unicode>
          </TextEquiv>
        </Word>
        <Word id="region0008_line0001_word0010" custom="readingOrder {index:10;} textStyle {offset:0; length:8;italic:true; fontSize:0.0; kerning:0;}">
          <Coords points="1652,1933 1807,1933 1807,1911 1801,1907 1791,1908 1781,1919 1773,1910 1751,1907 1740,1908 1731,1919 1714,1919 1707,1908 1695,1907 1686,1909 1680,1920 1668,1920 1652,1917"/>
          <TextEquiv>
            <Unicode>mündlich</Unicode>
          </TextEquiv>
        </Word>
        <Word id="region0008_line0001_word0011" custom="readingOrder {index:11;} textStyle {offset:0; length:3;italic:true; fontSize:0.0; kerning:0;}">
          <Coords points="1824,1933 1873,1933 1873,1913 1863,1913 1859,1910 1849,1910 1841,1918 1824,1918"/>
          <TextEquiv conf="0.92901874">
            <Unicode>nit</Unicode>
          </TextEquiv>
        </Word>
        <Word id="region0008_line0001_word0012" custom="readingOrder {index:12;} textStyle {offset:0; length:5;italic:true; fontSize:0.0; kerning:0;}">
          <Coords points="1895,1932 1990,1932 1990,1920 1961,1920 1959,1912 1954,1908 1944,1908 1932,1919 1895,1918"/>
          <TextEquiv conf="0.92811304">
            <Unicode>reden</Unicode>
          </TextEquiv>
        </Word>
        <TextEquiv>
          <Unicode>Item wo der erlangt Fürſprech diſe obgemelte antwort vnd bitt mündlich nit reden</Unicode>
        </TextEquiv>
      </TextLine>
      <TextLine id="region0008_line0002" custom="readingOrder {index:1;}">
        <Coords points="337,1932 333,1935 320,1935 320,1983 405,1983 438,1990 479,1987 522,1989 533,1996 542,1996 553,1990 578,1989 661,1990 666,1999 675,2000 683,1998 688,1992 740,1991 741,1996 760,2002 778,1995 835,1995 840,1990 849,1990 859,2005 878,1997 981,2000 1025,2005 1135,2005 1204,2017 1246,2008 1375,2008 1380,2013 1391,2016 1402,2009 1472,2010 1490,2017 1509,2011 1554,2011 1568,2017 1625,2018 1640,2014 1661,2017 1674,2013 1765,2013 1828,2008 1844,2011 1915,2011 1980,2009 1994,2006 1994,1970 1944,1967 1938,1960 1846,1960 1839,1970 1806,1972 1802,1971 1802,1966 1797,1961 1732,1961 1728,1964 1726,1973 1652,1972 1644,1971 1636,1962 1624,1962 1614,1971 1423,1972 1422,1965 1417,1960 1373,1960 1343,1964 1338,1959 1329,1959 1318,1968 1311,1969 1230,1969 1190,1969 1172,1960 1161,1967 1115,1966 1109,1961 1098,1963 1096,1959 1074,1963 1067,1956 1048,1955 1010,1955 999,1961 983,1962 972,1961 966,1951 955,1951 944,1961 913,1961 904,1950 878,1950 869,1957 854,1957 852,1950 847,1948 821,1954 802,1952 786,1946 748,1946 739,1949 735,1954 725,1955 720,1944 697,1943 670,1944 663,1952 653,1952 648,1945 634,1942 624,1942 615,1951 464,1950 450,1942 426,1941 420,1935 409,1935 399,1944 377,1945 373,1942 354,1942 348,1933"/>
        <Word id="region0008_line0002_word0000" custom="readingOrder {index:0;} textStyle {offset:0; length:6;italic:true; fontSize:0.0; kerning:0;}">
          <Coords points="330,1938 330,1976 448,1976 448,1941 426,1941 423,1938 405,1938 399,1944 377,1945 373,1942 354,1942 351,1938"/>
          <TextEquiv>
            <Unicode>kündt,</Unicode>
          </TextEquiv>
        </Word>
        <Word id="region0008_line0002_word0001" custom="readingOrder {index:1;} textStyle {offset:0; length:3;italic:true; fontSize:0.0; kerning:0;}">
          <Coords points="471,1951 549,1951 549,1980 471,1980"/>
          <TextEquiv>
            <Unicode>mag</Unicode>
          </TextEquiv>
        </Word>
        <Word id="region0008_line0002_word0002" custom="readingOrder {index:2;} textStyle {offset:0; length:2;italic:true; fontSize:0.0; kerning:0;}">
          <Coords points="563,1971 597,1971 597,1950 563,1950"/>
          <TextEquiv conf="0.88857806">
            <Unicode>er</Unicode>
          </TextEquiv>
        </Word>
        <Word id="region0008_line0002_word0003" custom="readingOrder {index:3;} textStyle {offset:0; length:3;italic:true; fontSize:0.0; kerning:0;}">
          <Coords points="610,1972 661,1971 661,1952 653,1952 648,1945 634,1942 624,1942 615,1951 610,1950"/>
          <TextEquiv conf="0.8974219">
            <Unicode>die</Unicode>
          </TextEquiv>
        </Word>
        <Word id="region0008_line0002_word0004" custom="readingOrder {index:4;} textStyle {offset:0; length:12;italic:true; fontSize:0.0; kerning:0;}">
          <Coords points="670,1983 852,1983 852,1950 847,1948 821,1954 802,1952 786,1946 748,1946 739,1949 735,1954 725,1955 720,1944 697,1943 670,1944"/>
          <TextEquiv>
            <Unicode>ſchrifftlich</Unicode>
          </TextEquiv>
        </Word>
        <Word id="region0008_line0002_word0005" custom="readingOrder {index:5;} textStyle {offset:0; length:3;italic:true; fontSize:0.0; kerning:0;}">
          <Coords points="860,1983 925,1983 925,1961 913,1961 904,1950 878,1950 869,1957 860,1957"/>
          <TextEquiv>
            <Unicode>für</Unicode>
          </TextEquiv>
        </Word>
        <Word id="region0008_line0002_word0006" custom="readingOrder {index:6;} textStyle {offset:0; length:3;italic:true; fontSize:0.0; kerning:0;}">
          <Coords points="940,1972 1000,1972 1000,1960 999,1961 983,1962 972,1961 966,1951 955,1951 944,1961 940,1961"/>
          <TextEquiv conf="0.9122188">
            <Unicode>den</Unicode>
          </TextEquiv>
        </Word>
        <Word id="region0008_line0002_word0007" custom="readingOrder {index:7;} textStyle {offset:0; length:7;italic:true; fontSize:0.0; kerning:0;}">
          <Coords points="1016,1974 1144,1974 1144,1966 1115,1966 1109,1961 1098,1963 1096,1959 1074,1963 1067,1956 1048,1955 1016,1955"/>
          <TextEquiv conf="0.9075374">
            <Unicode>Richter</Unicode>
          </TextEquiv>
        </Word>
        <Word id="region0008_line0002_word0008" custom="readingOrder {index:8;} textStyle {offset:0; length:5;italic:true; fontSize:0.0; kerning:0;}">
          <Coords points="1164,1982 1253,1981 1253,1969 1230,1969 1190,1969 1172,1960 1164,1965"/>
          <TextEquiv conf="0.9060751">
            <Unicode>legen</Unicode>
          </TextEquiv>
        </Word>
        <Word id="region0008_line0002_word0009" custom="readingOrder {index:9;} textStyle {offset:0; length:3;italic:true; fontSize:0.0; kerning:0;}">
          <Coords points="1271,1972 1336,1972 1336,1959 1329,1959 1318,1968 1311,1969 1271,1969"/>
          <TextEquiv conf="0.9046095">
            <Unicode>vnd</Unicode>
          </TextEquiv>
        </Word>
        <Word id="region0008_line0002_word0010" custom="readingOrder {index:10;} textStyle {offset:0; length:4;italic:true; fontSize:0.0; kerning:0;}">
          <Coords points="1355,1982 1417,1982 1417,1960 1373,1960 1355,1962"/>
          <TextEquiv conf="0.9065577">
            <Unicode>diſe</Unicode>
          </TextEquiv>
        </Word>
        <Word id="region0008_line0002_word0011" custom="readingOrder {index:11;} textStyle {offset:0; length:7;italic:true; fontSize:0.0; kerning:0;}">
          <Coords points="1438,2003 1595,2003 1599,1971 1442,1971"/>
          <TextEquiv conf="0.8561053">
            <Unicode>meynung</Unicode>
          </TextEquiv>
        </Word>
        <Word id="region0008_line0002_word0012" custom="readingOrder {index:12;} textStyle {offset:0; length:6;italic:true; fontSize:0.0; kerning:0;}">
          <Coords points="1609,2005 1730,2005 1729,1963 1728,1964 1726,1973 1652,1972 1644,1971 1636,1962 1624,1962 1614,1971 1608,1971"/>
          <TextEquiv conf="0.61662936">
            <Unicode>ſagen,</Unicode>
          </TextEquiv>
        </Word>
        <Word id="region0008_line0002_word0013" custom="readingOrder {index:13;} textStyle {offset:0; length:4;italic:true; fontSize:0.0; kerning:0;}">
          <Coords points="1756,1961 1756,1999 1802,1998 1838,1999 1840,1970 1840,1968 1797,1961"/>
          <TextEquiv conf="0.88617456">
            <Unicode>Herr</Unicode>
          </TextEquiv>
        </Word>
        <Word id="region0008_line0002_word0014" custom="readingOrder {index:14;} textStyle {offset:0; length:7;italic:true; fontSize:0.0; kerning:0;}">
          <Coords points="1866,2004 1993,2004 1991,1969 1944,1967 1938,1960 1864,1960"/>
          <TextEquiv conf="0.92532015">
            <Unicode>Richter</Unicode>
          </TextEquiv>
        </Word>
        <TextEquiv>
          <Unicode>kündt, mag er die ſchrifftlich für den Richter legen vnd diſe meynung ſagen, Herr Richter</Unicode>
        </TextEquiv>
      </TextLine>
      <TextLine id="line_1666084042634_942" custom="readingOrder {index:2;}">
        <Coords points="331,1983 372,1983 849,1991 1961,2011 1983,2015 1987,2020 1990,2031 1990,2062 1709,2068 1532,2071 1458,2072 1249,2068 572,2045 320,2029 320,1991"/>
        <Baseline points="1135,2052 1990,2051"/>
        <Word id="region0008_line0003_word0000" custom="readingOrder {index:0;} textStyle {offset:0; length:3;italic:true; fontSize:0.0; kerning:0;}">
          <Coords points="326,1990 375,1990 375,2022 326,2022"/>
          <TextEquiv conf="0.8236784">
            <Unicode>ich</Unicode>
          </TextEquiv>
        </Word>
        <Word id="region0008_line0003_word0001" custom="readingOrder {index:1;} textStyle {offset:0; length:4;italic:true; fontSize:0.0; kerning:0;}">
          <Coords points="390,1991 449,1991 449,2022 390,2022"/>
          <TextEquiv conf="0.8907307">
            <Unicode>bitt</Unicode>
          </TextEquiv>
        </Word>
        <Word id="region0008_line0003_word0002" custom="readingOrder {index:2;} textStyle {offset:0; length:4;italic:true; fontSize:0.0; kerning:0;}">
          <Coords points="462,1992 462,2023 532,2023 532,1996 526,1992 510,1992 507,1996 493,1996 465,1992"/>
          <TextEquiv conf="0.9225106">
            <Unicode>euch</Unicode>
          </TextEquiv>
        </Word>
        <Word id="region0008_line0003_word0003" custom="readingOrder {index:3;} textStyle {offset:0; length:5;italic:true; fontSize:0.0; kerning:0;}">
          <Coords points="588,1990 583,1995 569,1995 567,1992 553,1991 547,1994 547,2032 624,2031 624,1993 609,1995 601,1990"/>
          <TextEquiv conf="0.8323691">
            <Unicode>laſst</Unicode>
          </TextEquiv>
        </Word>
        <Word id="region0008_line0003_word0004" custom="readingOrder {index:4;} textStyle {offset:0; length:3;italic:true; fontSize:0.0; kerning:0;}">
          <Coords points="649,1991 644,1994 640,1991 631,1992 631,2022 691,2022 691,1999 670,2001 665,1999 661,1991"/>
          <TextEquiv conf="0.8950113">
            <Unicode>des</Unicode>
          </TextEquiv>
        </Word>
        <Word id="region0008_line0003_word0005" custom="readingOrder {index:5;} textStyle {offset:0; length:9;italic:true; fontSize:0.0; kerning:0;}">
          <Coords points="709,2030 866,2030 866,2003 859,2006 855,2004 849,1991 840,1991 835,1996 835,2003 830,1999 821,1999 815,2003 780,2002 777,1998 759,2003 742,1997 736,2001 727,2000 720,1992 709,1992"/>
          <TextEquiv>
            <Unicode>beklagten</Unicode>
          </TextEquiv>
        </Word>
        <Word id="region0008_line0003_word0006" custom="readingOrder {index:6;} textStyle {offset:0; length:7;italic:true; fontSize:0.0; kerning:0;}">
          <Coords points="884,2036 1019,2036 1019,2007 1006,2010 945,2008 939,2003 931,2003 925,2007 889,2007 884,2006"/>
          <TextEquiv>
            <Unicode>antwort</Unicode>
          </TextEquiv>
        </Word>
        <Word id="region0008_line0003_word0007" custom="readingOrder {index:7;} textStyle {offset:0; length:3;italic:true; fontSize:0.0; kerning:0;}">
          <Coords points="1035,2045 1099,2045 1099,2007 1090,2006 1076,2014 1035,2010"/>
          <TextEquiv conf="0.918151">
            <Unicode>vnd</Unicode>
          </TextEquiv>
        </Word>
        <Word id="word_1666084051703_947" custom="readingOrder {index:8;} textStyle {offset:0; length:5;italic:true; fontSize:0.0; kerning:0;}">
          <Coords points="1114,2008 1126,2006 1147,2009 1173,2014 1192,2049 1192,2061 1183,2061 1115,2055"/>
          <TextEquiv>
            <Unicode>bitt,</Unicode>
          </TextEquiv>
        </Word>
        <Word id="region0008_line0003_word0009" custom="readingOrder {index:9;} textStyle {offset:0; length:4;italic:true; fontSize:0.0; kerning:0;}">
          <Coords points="1220,2051 1292,2051 1290,2015 1289,2016 1283,2010 1269,2010 1257,2020 1226,2020 1218,2018"/>
          <TextEquiv conf="0.90240127">
            <Unicode>auſs</Unicode>
          </TextEquiv>
        </Word>
        <Word id="region0009_line0001_word0002" custom="readingOrder {index:10;} textStyle {offset:0; length:5;italic:true; fontSize:0.0; kerning:0;}">
          <Coords points="1387,2023 1310,2023 1308,2059 1377,2059 1385,2059"/>
          <TextEquiv>
            <Unicode>diſer</Unicode>
          </TextEquiv>
        </Word>
        <Word id="word_1666084067492_956" custom="readingOrder {index:11;} textStyle {offset:0; length:11;italic:true; fontSize:0.0; kerning:0;}">
          <Coords points="1397,2043 1539,2013 1551,2013 1589,2043 1589,2062 1532,2071 1458,2072 1397,2060"/>
          <TextEquiv>
            <Unicode>eingelegten</Unicode>
          </TextEquiv>
        </Word>
        <Word id="word_1666084075497_963" custom="readingOrder {index:12;} textStyle {offset:0; length:7;italic:true; fontSize:0.0; kerning:0;}">
          <Coords points="1608,2044 1648,2016 1674,2014 1701,2013 1718,2055 1718,2067 1709,2068 1608,2062"/>
          <TextEquiv>
            <Unicode>zettel,</Unicode>
          </TextEquiv>
        </Word>
        <Word id="word_1666084079602_967" custom="readingOrder {index:13;} textStyle {offset:0; length:5;italic:true; fontSize:0.0; kerning:0;}">
          <Coords points="1745,2013 1759,2013 1846,2043 1846,2061 1762,2062 1761,2062 1745,2022"/>
          <TextEquiv>
            <Unicode>ewern</Unicode>
          </TextEquiv>
        </Word>
        <Word id="word_1666084086810_971" custom="readingOrder {index:14;} textStyle {offset:0; length:7;italic:true; fontSize:0.0; kerning:0;}">
          <Coords points="1866,2011 1897,2011 1961,2011 1979,2014 1990,2043 1990,2062 1896,2061 1866,2024"/>
          <TextEquiv>
            <Unicode>Schrei-</Unicode>
          </TextEquiv>
        </Word>
        <TextEquiv>
          <Unicode>ich bitt euch laſst des beklagten antwort vnd bitt, auſs diſer eingelegten zettel, ewern Schrei-</Unicode>
        </TextEquiv>
      </TextLine>
      <TextLine id="region0009_line0002" custom="readingOrder {index:3;}">
        <Coords points="322,2032 322,2081 403,2081 408,2077 415,2077 419,2090 437,2089 441,2081 625,2083 640,2084 642,2090 654,2094 663,2093 668,2085 703,2085 735,2091 806,2090 814,2099 836,2102 873,2102 888,2095 1025,2102 1031,2104 1033,2111 1046,2114 1054,2112 1058,2105 1076,2105 1185,2112 1298,2111 1335,2114 1881,2113 1896,2115 1901,2120 1912,2120 1919,2115 1990,2113 1990,2072 1980,2072 1973,2065 1961,2063 1951,2063 1941,2072 1926,2073 1862,2073 1860,2066 1855,2062 1834,2063 1823,2072 1778,2072 1775,2064 1762,2063 1751,2072 1710,2073 1709,2069 1702,2065 1679,2065 1672,2073 1648,2074 1642,2073 1640,2066 1635,2063 1579,2063 1564,2065 1555,2071 1532,2072 1526,2068 1518,2068 1507,2073 1488,2066 1481,2074 1464,2075 1459,2075 1452,2068 1434,2064 1419,2074 1403,2074 1365,2073 1363,2065 1357,2061 1347,2062 1338,2072 1328,2072 1288,2070 1283,2066 1270,2068 1263,2060 1254,2060 1247,2065 1240,2060 1190,2061 1177,2063 1174,2068 1149,2068 1147,2062 1135,2056 1037,2054 1018,2058 1005,2053 992,2054 986,2049 976,2049 967,2058 943,2058 934,2046 925,2046 914,2056 908,2048 902,2048 897,2043 881,2041 790,2042 782,2049 757,2052 747,2048 683,2047 676,2037 664,2037 655,2045 648,2044 642,2037 633,2037 625,2044 564,2045 554,2044 552,2037 546,2032 536,2033 527,2042 518,2035 507,2034 499,2034 480,2041 461,2042 455,2032 417,2032 411,2036 409,2042 354,2041 349,2039 348,2032"/>
        <Word id="region0009_line0002_word0000" custom="readingOrder {index:0;} textStyle {offset:0; length:3;italic:true; fontSize:0.0; kerning:0;}">
          <Coords points="329,2038 329,2074 383,2074 383,2041 354,2041 349,2039 348,2038"/>
          <TextEquiv conf="0.8898744">
            <Unicode>ber</Unicode>
          </TextEquiv>
        </Word>
        <Word id="region0009_line0002_word0001" custom="readingOrder {index:1;} textStyle {offset:0; length:10;italic:true; fontSize:0.0; kerning:0;}">
          <Coords points="409,2040 409,2042 399,2041 399,2081 403,2081 408,2077 415,2077 418,2087 438,2087 441,2081 552,2082 552,2040 529,2040 527,2042 524,2040 482,2040 480,2041 461,2042 459,2040"/>
          <TextEquiv conf="0.8898744">
            <Unicode>offentlich</Unicode>
          </TextEquiv>
        </Word>
        <Word id="region0009_line0002_word0002" custom="readingOrder {index:2;} textStyle {offset:0; length:9;italic:true; fontSize:0.0; kerning:0;}">
          <Coords points="627,2041 625,2044 573,2044 573,2082 625,2083 633,2083 715,2083 715,2047 683,2047 678,2041 659,2041 655,2045 648,2044 645,2041"/>
          <TextEquiv conf="0.86554754">
            <Unicode>verleſen.</Unicode>
          </TextEquiv>
        </Word>
        <Word id="region0009_line0002_word0003" custom="readingOrder {index:3;} textStyle {offset:0; length:4;italic:true; fontSize:0.0; kerning:0;}">
          <Coords points="768,2084 853,2084 853,2041 790,2042 782,2049 768,2050"/>
          <TextEquiv conf="0.7882788">
            <Unicode>Auff</Unicode>
          </TextEquiv>
        </Word>
        <Word id="region0009_line0002_word0004" custom="readingOrder {index:4;} textStyle {offset:0; length:6;italic:true; fontSize:0.0; kerning:0;}">
          <Coords points="856,2083 956,2083 956,2058 943,2058 934,2046 925,2046 914,2056 908,2048 902,2048 897,2043 881,2041 856,2041"/>
          <TextEquiv conf="0.90241164">
            <Unicode>ſolche</Unicode>
          </TextEquiv>
        </Word>
        <Word id="region0009_line0002_word0005" custom="readingOrder {index:5;} textStyle {offset:0; length:4;italic:true; fontSize:0.0; kerning:0;}">
          <Coords points="973,2074 1031,2074 1031,2055 1018,2058 1005,2053 992,2054 986,2049 976,2049 973,2052"/>
          <TextEquiv conf="0.8852131">
            <Unicode>bitt</Unicode>
          </TextEquiv>
        </Word>
        <Word id="region0009_line0002_word0006" custom="readingOrder {index:6;} textStyle {offset:0; length:4;italic:true; fontSize:0.0; kerning:0;}">
          <Coords points="1040,2087 1100,2087 1100,2055 1040,2054"/>
          <TextEquiv conf="0.8852131">
            <Unicode>ſoll</Unicode>
          </TextEquiv>
        </Word>
        <Word id="region0009_line0002_word0007" custom="readingOrder {index:7;} textStyle {offset:0; length:3;italic:true; fontSize:0.0; kerning:0;}">
          <Coords points="1119,2096 1176,2096 1176,2064 1174,2068 1149,2068 1147,2062 1135,2056 1119,2055"/>
          <TextEquiv conf="0.91076">
            <Unicode>der</Unicode>
          </TextEquiv>
        </Word>
        <Word id="region0009_line0002_word0008" custom="readingOrder {index:8;} textStyle {offset:0; length:7;italic:true; fontSize:0.0; kerning:0;}">
          <Coords points="1190,2103 1318,2102 1318,2071 1288,2070 1283,2066 1270,2068 1263,2060 1254,2060 1247,2065 1240,2060 1190,2061"/>
          <TextEquiv conf="0.8965727">
            <Unicode>Richter</Unicode>
          </TextEquiv>
        </Word>
        <Word id="region0009_line0002_word0009" custom="readingOrder {index:9;} textStyle {offset:0; length:3;italic:true; fontSize:0.0; kerning:0;}">
          <Coords points="1336,2111 1405,2111 1403,2074 1365,2073 1363,2065 1357,2061 1347,2062 1338,2072 1334,2072"/>
          <TextEquiv conf="0.9133325">
            <Unicode>dem</Unicode>
          </TextEquiv>
        </Word>
        <Word id="region0009_line0002_word0010" custom="readingOrder {index:10;} textStyle {offset:0; length:8;italic:true; fontSize:0.0; kerning:0;}">
          <Coords points="1434,2064 1419,2104 1563,2104 1563,2065"/>
          <TextEquiv conf="0.919644">
            <Unicode>Gerichts</Unicode>
          </TextEquiv>
        </Word>
        <Word id="region0009_line0002_word0011" custom="readingOrder {index:11;} textStyle {offset:0; length:9;italic:true; fontSize:0.0; kerning:0;}">
          <Coords points="1579,2063 1578,2063 1580,2105 1745,2105 1743,2072 1702,2065 1635,2063"/>
          <TextEquiv conf="0.92692304">
            <Unicode>Schreiber</Unicode>
          </TextEquiv>
        </Word>
        <Word id="region0009_line0002_word0012" custom="readingOrder {index:12;} textStyle {offset:0; length:9;italic:true; fontSize:0.0; kerning:0;}">
          <Coords points="1754,2108 1911,2107 1915,2073 1862,2073 1860,2066 1855,2062 1834,2063 1823,2072 1778,2072 1775,2064 1762,2063 1758,2066"/>
          <TextEquiv conf="0.8755237">
            <Unicode>beuelhen,</Unicode>
          </TextEquiv>
        </Word>
        <Word id="region0009_line0002_word0013" custom="readingOrder {index:13;} textStyle {offset:0; length:3;italic:true; fontSize:0.0; kerning:0;}">
          <Coords points="1984,2104 1973,2065 1961,2063 1951,2063 1945,2104"/>
          <TextEquiv conf="0.9172476">
            <Unicode>die</Unicode>
          </TextEquiv>
        </Word>
        <TextEquiv conf="0.89045835">
          <Unicode>ber offentlich verleſen. Auff ſolche bitt ſoll der Richter dem Gerichts Schreiber beuelhen, die</Unicode>
        </TextEquiv>
      </TextLine>
      <TextLine id="region0009_line0003" custom="readingOrder {index:4;}">
        <Coords points="408,2078 403,2082 406,2095 322,2096 322,2149 366,2148 372,2144 374,2137 526,2137 532,2147 584,2147 592,2138 603,2144 615,2146 639,2144 661,2136 792,2140 912,2146 917,2149 941,2147 944,2156 966,2156 969,2150 1008,2153 1059,2151 1064,2146 1064,2119 1061,2115 988,2112 985,2103 980,2100 965,2100 956,2108 952,2107 947,2099 937,2098 927,2107 908,2107 818,2101 806,2092 798,2092 792,2097 765,2094 750,2097 654,2095 641,2090 637,2093 608,2094 601,2085 593,2085 583,2094 533,2095 528,2087 518,2086 509,2095 481,2096 444,2094 439,2090 419,2091 415,2078"/>
        <Word id="region0009_line0003_word0000" custom="readingOrder {index:0;} textStyle {offset:0; length:8;italic:true; fontSize:0.0; kerning:0;}">
          <Coords points="403,2086 406,2095 328,2095 328,2130 476,2130 476,2095 444,2094 439,2090 419,2091 417,2086"/>
          <TextEquiv conf="0.87154585">
            <Unicode>gemelten</Unicode>
          </TextEquiv>
        </Word>
        <Word id="region0009_line0003_word0001" custom="readingOrder {index:1;} textStyle {offset:0; length:11;italic:true; fontSize:0.0; kerning:0;}">
          <Coords points="499,2129 689,2128 689,2095 654,2095 641,2090 637,2093 608,2094 601,2085 593,2085 583,2094 533,2095 528,2087 518,2086 509,2095 499,2095"/>
          <TextEquiv conf="0.90610033">
            <Unicode>eingelegten</Unicode>
          </TextEquiv>
        </Word>
        <Word id="region0009_line0003_word0002" custom="readingOrder {index:2;} textStyle {offset:0; length:6;italic:true; fontSize:0.0; kerning:0;}">
          <Coords points="712,2119 805,2119 805,2092 798,2092 792,2097 765,2094 750,2097 712,2096"/>
          <TextEquiv>
            <Unicode>zettel</Unicode>
          </TextEquiv>
        </Word>
        <Word id="region0009_line0003_word0003" custom="readingOrder {index:3;} textStyle {offset:0; length:11;italic:true; fontSize:0.0; kerning:0;}">
          <Coords points="832,2131 1018,2131 1018,2113 988,2112 985,2103 980,2100 965,2100 956,2108 952,2107 947,2099 937,2098 927,2107 908,2107 832,2101"/>
          <TextEquiv>
            <Unicode>zuuerleſen.</Unicode>
          </TextEquiv>
        </Word>
        <TextEquiv>
          <Unicode>gemelten eingelegten zettel zuuerleſen.</Unicode>
        </TextEquiv>
      </TextLine>
      <TextEquiv>
        <Unicode>Item wo der erlangt Fürſprech diſe obgemelte antwort vnd bitt mündlich nit reden&#13;
kündt, mag er die ſchrifftlich für den Richter legen vnd diſe meynung ſagen, Herr Richter&#13;
bitt, I diſer eingelegten zettel, ewern Schrei- ich bitt euch laſst des beklagten antwort vnd auſs&#13;
ber offentlich verleſen. Auff ſolche bitt ſoll der Richter dem Gerichts Schreiber beuelhen, die&#13;
gemelten eingelegten zettel zuuerleſen.</Unicode>
      </TextEquiv>
    </TextRegion>
    <TextRegion orientation="0.096103534" type="heading" readingDirection="left-to-right" id="region0010" custom="readingOrder {index:9;} structure {type:heading;}">
      <Coords points="1093,2197 1214,2197 1214,2256 1093,2256"/>
      <TextLine id="region0010_line" custom="readingOrder {index:0;}">
        <Coords points="1093,2197 1214,2197 1214,2256 1093,2256"/>
        <Word id="region0010_line_word0000" custom="readingOrder {index:0;}">
          <Coords points="1130,2216 1099,2216 1099,2256 1130,2256"/>
          <TextEquiv>
            <Unicode>§.</Unicode>
          </TextEquiv>
        </Word>
        <Word id="region0010_line_word0001" custom="readingOrder {index:1;}">
          <Coords points="1182,2221 1210,2221 1210,2255 1182,2255"/>
          <TextEquiv>
            <Unicode>I.</Unicode>
          </TextEquiv>
        </Word>
        <TextEquiv>
          <Unicode>§. I.</Unicode>
        </TextEquiv>
      </TextLine>
      <TextEquiv>
        <Unicode>§. I.</Unicode>
      </TextEquiv>
    </TextRegion>
    <TextRegion orientation="0.096103534" type="drop-capital" readingDirection="left-to-right" id="TextRegion_1682502209724_2529" custom="readingOrder {index:10;} structure {type:drop-capital;}">
      <Coords points="307,2240 394,2240 391,2334 307,2334"/>
      <TextLine id="line_1682502209769_2532" custom="readingOrder {index:0;}">
        <Coords points="339,2259 352,2259 362,2266 367,2266 379,2258 384,2258 393,2267 391,2329 356,2328 348,2320 329,2318 307,2311 307,2271 329,2271"/>
        <Baseline points="339,2259 352,2259 378,2258 384,2258"/>
        <Word id="word_1682502209769_2534" custom="readingOrder {index:0;}">
          <Coords points="339,2259 352,2259 362,2266 367,2266 379,2258 384,2258 393,2267 391,2320 348,2320 338,2318 338,2260"/>
          <TextEquiv>
            <Unicode>V</Unicode>
          </TextEquiv>
        </Word>
        <TextEquiv>
          <Unicode>V</Unicode>
        </TextEquiv>
      </TextLine>
      <TextEquiv>
        <Unicode>V</Unicode>
      </TextEquiv>
    </TextRegion>
    <TextRegion orientation="0.096103534" readingDirection="left-to-right" id="TextRegion_1682502209724_2528" custom="readingOrder {index:11;}">
      <Coords points="394,2240 1991,2296 1990,2815 307,2815 307,2334 391,2334"/>
      <TextLine id="line_1682502209769_2531" custom="readingOrder {index:0;}">
        <Coords points="393,2267 394,2268 396,2284 407,2283 411,2286 566,2282 586,2271 597,2271 605,2280 633,2277 644,2270 654,2270 660,2277 721,2276 732,2266 747,2267 752,2277 824,2277 828,2267 846,2265 852,2271 853,2279 871,2278 894,2271 948,2271 963,2272 970,2279 1004,2282 1013,2287 1017,2286 1023,2277 1036,2277 1044,2287 1093,2281 1136,2282 1143,2289 1165,2292 1197,2292 1205,2282 1217,2282 1225,2292 1236,2283 1249,2285 1255,2294 1273,2294 1279,2286 1308,2286 1316,2296 1322,2296 1330,2287 1341,2287 1348,2292 1350,2298 1379,2299 1387,2290 1400,2288 1408,2293 1410,2299 1424,2300 1474,2301 1483,2291 1498,2293 1502,2301 1550,2302 1555,2293 1568,2292 1577,2302 1607,2304 1661,2304 1666,2303 1674,2294 1687,2294 1694,2300 1704,2303 1738,2304 1747,2304 1751,2297 1756,2295 1771,2295 1778,2305 1832,2306 1886,2306 1926,2297 1964,2297 1973,2308 1986,2307 1990,2305 1990,2351 1883,2351 1877,2352 1870,2359 1862,2359 1854,2357 1850,2352 1819,2355 1811,2349 1523,2344 1488,2346 1484,2351 1474,2353 1441,2344 1288,2340 1280,2339 1273,2332 1263,2332 1259,2336 1222,2337 1214,2333 1148,2335 1021,2328 983,2335 974,2329 910,2322 772,2317 734,2320 723,2331 717,2333 707,2332 701,2323 687,2323 496,2330 480,2331 474,2338 460,2338 451,2331 391,2329"/>
        <Word id="word_1682502209769_2533" custom="readingOrder {index:0;}">
          <Coords points="393,2267 394,2268 396,2284 407,2283 411,2286 516,2283 516,2320 391,2320"/>
          <TextEquiv>
            <Unicode>terque</Unicode>
          </TextEquiv>
        </Word>
        <Word id="region0011_line0002_word0001" custom="readingOrder {index:1;}">
          <Coords points="532,2310 694,2309 694,2276 660,2277 654,2270 644,2270 633,2277 605,2280 597,2271 586,2271 566,2282 532,2282"/>
          <TextEquiv conf="0.7757927">
            <Unicode>articulus</Unicode>
          </TextEquiv>
        </Word>
        <Word id="region0011_line0002_word0002" custom="readingOrder {index:2;} textStyle {offset:0; length:8;italic:true; fontSize:0.0; kerning:0;}">
          <Coords points="837,2266 828,2267 824,2277 752,2277 747,2267 732,2266 721,2276 711,2276 711,2316 877,2316 877,2276 871,2278 853,2279 852,2271 847,2266"/>
          <TextEquiv conf="0.18299484">
            <Unicode>ſormulas</Unicode>
          </TextEquiv>
        </Word>
        <Word id="region0011_line0002_word0003" custom="readingOrder {index:3;}">
          <Coords points="903,2316 1000,2316 1000,2281 970,2279 963,2272 948,2271 903,2271"/>
          <TextEquiv conf="0.9084323">
            <Unicode>ſiſtit,</Unicode>
          </TextEquiv>
        </Word>
        <Word id="region0011_line0002_word0004" custom="readingOrder {index:4;}">
          <Coords points="1024,2305 1059,2305 1059,2285 1044,2287 1036,2277 1024,2277"/>
          <TextEquiv conf="0.7992351">
            <Unicode>in</Unicode>
          </TextEquiv>
        </Word>
        <Word id="region0011_line0002_word0005" custom="readingOrder {index:5;}">
          <Coords points="1085,2305 1217,2304 1217,2282 1205,2282 1197,2292 1165,2292 1143,2289 1136,2282 1093,2281 1085,2281"/>
          <TextEquiv conf="0.87714654">
            <Unicode>ſolenni</Unicode>
          </TextEquiv>
        </Word>
        <Word id="region0011_line0002_word0006" custom="readingOrder {index:6;}">
          <Coords points="1234,2305 1366,2305 1366,2298 1350,2298 1348,2292 1341,2287 1330,2287 1322,2296 1316,2296 1308,2286 1279,2286 1273,2294 1255,2294 1249,2285 1236,2283 1234,2284"/>
          <TextEquiv conf="0.85777396">
            <Unicode>iudicio</Unicode>
          </TextEquiv>
        </Word>
        <Word id="region0011_line0002_word0007" custom="readingOrder {index:7;}">
          <Coords points="1390,2314 1593,2314 1593,2303 1577,2302 1568,2292 1555,2293 1550,2302 1502,2301 1498,2293 1483,2291 1474,2301 1424,2300 1410,2299 1408,2293 1400,2288 1390,2289"/>
          <TextEquiv conf="0.87233496">
            <Unicode>imaginario</Unicode>
          </TextEquiv>
        </Word>
        <Word id="region0011_line0002_word0008" custom="readingOrder {index:8;}">
          <Coords points="1615,2338 1829,2337 1829,2305 1778,2305 1771,2295 1756,2295 1751,2297 1747,2304 1738,2304 1704,2303 1694,2300 1687,2294 1674,2294 1666,2303 1661,2304 1615,2304"/>
          <TextEquiv conf="0.6673996">
            <Unicode>recitandas,</Unicode>
          </TextEquiv>
        </Word>
        <Word id="region0011_line0002_word0009" custom="readingOrder {index:9;}">
          <Coords points="1851,2350 1940,2350 1938,2309 1926,2309 1886,2318 1849,2318"/>
          <TextEquiv conf="0.8341054">
            <Unicode>quaſi</Unicode>
          </TextEquiv>
        </Word>
        <Word id="region0011_line0002_word0010" custom="readingOrder {index:10;}">
          <Coords points="1953,2303 1982,2307 1984,2345 1959,2341"/>
          <TextEquiv conf="0.88885283">
            <Unicode>in</Unicode>
          </TextEquiv>
        </Word>
        <TextEquiv>
          <Unicode>terque articulus ſormulas ſiſtit, in ſolenni iudicio imaginario recitandas, quaſi in</Unicode>
        </TextEquiv>
      </TextLine>
      <TextLine id="line_1666084339204_1092" custom="readingOrder {index:1;}">
        <Coords points="307,2341 423,2341 427,2334 433,2332 445,2333 449,2341 522,2340 544,2338 548,2335 557,2335 561,2338 632,2336 648,2335 651,2326 663,2325 670,2326 675,2334 726,2335 752,2330 829,2329 833,2323 839,2321 851,2321 857,2329 883,2330 890,2323 910,2323 921,2331 971,2333 983,2336 1021,2329 1063,2331 1070,2333 1073,2340 1167,2343 1169,2336 1172,2335 1214,2334 1221,2337 1222,2345 1230,2346 1232,2339 1236,2337 1259,2337 1263,2333 1273,2333 1280,2340 1273,2348 1401,2350 1418,2349 1423,2345 1441,2345 1447,2349 1475,2354 1504,2353 1509,2346 1523,2345 1529,2348 1531,2354 1579,2357 1608,2357 1648,2350 1676,2357 1785,2358 1794,2356 1799,2350 1811,2350 1820,2358 1830,2359 1955,2360 1988,2354 1990,2354 1990,2397 1971,2401 1788,2399 1781,2401 1774,2408 1758,2408 1752,2401 1744,2400 1603,2396 1597,2391 1589,2391 1582,2396 1556,2398 1546,2395 1444,2395 1272,2387 1034,2383 1002,2378 843,2373 789,2375 780,2382 766,2382 760,2376 712,2376 569,2383 425,2384 415,2392 406,2391 401,2385 307,2383"/>
        <Baseline points="307,2374 889,2364 1757,2391 1990,2388"/>
        <Word id="region0011_line0004_word0000" custom="readingOrder {index:0;}">
          <Coords points="330,2372 619,2371 619,2336 561,2338 557,2335 548,2335 544,2338 522,2340 449,2341 445,2333 433,2332 427,2334 423,2341 330,2341"/>
          <TextEquiv conf="0.90060544">
            <Unicode>complementum</Unicode>
          </TextEquiv>
        </Word>
        <Word id="region0011_line0004_word0001" custom="readingOrder {index:1;}">
          <Coords points="636,2364 733,2364 733,2333 726,2335 675,2334 670,2326 663,2325 651,2326 648,2335 636,2335"/>
          <TextEquiv conf="0.90041244">
            <Unicode>eius,</Unicode>
          </TextEquiv>
        </Word>
        <Word id="region0011_line0004_word0002" custom="readingOrder {index:2;}">
          <Coords points="759,2369 851,2369 851,2326 831,2326 829,2329 759,2329"/>
          <TextEquiv conf="0.9041334">
            <Unicode>quod</Unicode>
          </TextEquiv>
        </Word>
        <Word id="region0011_line0004_word0003" custom="readingOrder {index:3;}">
          <Coords points="887,2326 883,2330 868,2329 868,2362 976,2362 976,2334 971,2333 921,2331 914,2326"/>
          <TextEquiv conf="0.78217006">
            <Unicode>actum</Unicode>
          </TextEquiv>
        </Word>
        <Word id="region0011_line0004_word0004" custom="readingOrder {index:4;}">
          <Coords points="994,2367 1063,2367 1063,2331 1021,2329 994,2333"/>
          <TextEquiv conf="0.91799086">
            <Unicode>eſt;</Unicode>
          </TextEquiv>
        </Word>
        <Word id="region0011_line0004_word0005" custom="readingOrder {index:5;}">
          <Coords points="1089,2363 1158,2363 1158,2342 1089,2340"/>
          <TextEquiv conf="0.9233625">
            <Unicode>non</Unicode>
          </TextEquiv>
        </Word>
        <Word id="region0011_line0004_word0006" custom="readingOrder {index:6;} textStyle {offset:0; length:8;italic:true; fontSize:0.0; kerning:0;}">
          <Coords points="1173,2363 1312,2362 1312,2348 1273,2348 1280,2340 1273,2333 1263,2333 1259,2337 1236,2337 1232,2339 1230,2346 1222,2345 1221,2337 1214,2334 1173,2334"/>
          <TextEquiv conf="0.5658532">
            <Unicode>libellum</Unicode>
          </TextEquiv>
        </Word>
        <Word id="region0011_line0004_word0007" custom="readingOrder {index:7;}">
          <Coords points="1334,2380 1563,2380 1563,2356 1531,2354 1529,2348 1523,2345 1509,2346 1504,2353 1475,2354 1447,2349 1441,2345 1423,2345 1418,2349 1401,2350 1334,2348"/>
          <TextEquiv>
            <Unicode>accuſatoris,</Unicode>
          </TextEquiv>
        </Word>
        <Word id="region0011_line0004_word0008" custom="readingOrder {index:8;}">
          <Coords points="1591,2388 1648,2388 1648,2350 1608,2357 1591,2357"/>
          <TextEquiv conf="0.9222828">
            <Unicode>vel</Unicode>
          </TextEquiv>
        </Word>
        <Word id="region0011_line0004_word0009" custom="readingOrder {index:9;}">
          <Coords points="1675,2387 1917,2386 1917,2359 1830,2359 1820,2358 1811,2350 1799,2350 1794,2356 1785,2358 1676,2357 1675,2356"/>
          <TextEquiv conf="0.8969102">
            <Unicode>exceptionem</Unicode>
          </TextEquiv>
        </Word>
        <Word id="region0011_line0004_word0010" custom="readingOrder {index:10;}">
          <Coords points="1934,2392 1982,2392 1982,2355 1955,2360 1934,2359"/>
          <TextEquiv conf="0.5163285">
            <Unicode>ac-</Unicode>
          </TextEquiv>
        </Word>
        <TextEquiv>
          <Unicode>complementum eius, quod actum eſt; non libellum accuſatoris, vel exceptionem ac-</Unicode>
        </TextEquiv>
      </TextLine>
      <TextLine id="line_1666084339204_1094" custom="readingOrder {index:2;}">
        <Coords points="308,2394 372,2393 381,2387 390,2387 400,2393 415,2393 425,2385 435,2385 442,2393 454,2393 500,2391 506,2386 514,2386 522,2392 549,2393 584,2391 588,2384 597,2382 606,2383 609,2387 625,2387 630,2381 644,2380 651,2387 681,2388 829,2383 973,2385 986,2379 1002,2379 1013,2387 1039,2387 1048,2383 1096,2391 1189,2395 1220,2392 1307,2399 1353,2399 1358,2393 1375,2392 1381,2399 1431,2403 1473,2401 1495,2396 1546,2396 1562,2399 1597,2392 1603,2397 1704,2400 1713,2408 1721,2409 1730,2409 1738,2401 1749,2402 1754,2409 1776,2409 1788,2400 1803,2399 1825,2400 1831,2408 1839,2401 1851,2401 1859,2407 1875,2401 1935,2400 1949,2402 1956,2409 1963,2409 1968,2408 1969,2403 1974,2400 1990,2396 1990,2439 1971,2443 1966,2458 1961,2460 1950,2456 1936,2458 1933,2451 1786,2451 1781,2457 1765,2459 1758,2457 1757,2450 1751,2447 1589,2449 1491,2446 1471,2442 1344,2443 1230,2438 1167,2442 1163,2439 1134,2436 920,2426 729,2429 648,2434 590,2434 555,2447 544,2446 537,2440 462,2439 457,2436 423,2439 307,2437"/>
        <Baseline points="308,2427 551,2430 923,2416 1197,2430 1927,2442 1965,2440 1990,2431"/>
        <Word id="region0011_line0005_word0000" custom="readingOrder {index:0;}">
          <Coords points="379,2388 372,2393 329,2393 329,2425 444,2425 444,2393 442,2393 437,2388 421,2388 415,2393 400,2393 391,2388"/>
          <TextEquiv conf="0.8810041">
            <Unicode>cuſati.</Unicode>
          </TextEquiv>
        </Word>
        <Word id="region0011_line0005_word0001" custom="readingOrder {index:1;}">
          <Coords points="502,2388 500,2391 495,2391 495,2436 586,2435 590,2434 619,2434 619,2388 585,2388 584,2391 549,2393 522,2392 517,2388"/>
          <TextEquiv conf="0.9257628">
            <Unicode>Arguit</Unicode>
          </TextEquiv>
        </Word>
        <Word id="region0011_line0005_word0002" custom="readingOrder {index:2;}">
          <Coords points="635,2388 700,2388 700,2423 635,2423"/>
          <TextEquiv conf="0.73572767">
            <Unicode>hoc</Unicode>
          </TextEquiv>
        </Word>
        <Word id="region0011_line0005_word0003" custom="readingOrder {index:3;}">
          <Coords points="718,2397 793,2397 793,2422 718,2422"/>
          <TextEquiv conf="0.9092957">
            <Unicode>cum</Unicode>
          </TextEquiv>
        </Word>
        <Word id="region0011_line0005_word0004" custom="readingOrder {index:4;}">
          <Coords points="810,2397 920,2397 920,2420 810,2420"/>
          <TextEquiv conf="0.9112379">
            <Unicode>nexus</Unicode>
          </TextEquiv>
        </Word>
        <Word id="region0011_line0005_word0005" custom="readingOrder {index:5;}">
          <Coords points="937,2389 937,2426 962,2428 1180,2428 1180,2394 1096,2391 1084,2389"/>
          <TextEquiv conf="0.7445175">
            <Unicode>articulorum,</Unicode>
          </TextEquiv>
        </Word>
        <Word id="region0011_line0005_word0006" custom="readingOrder {index:6;}">
          <Coords points="1209,2393 1208,2393 1208,2422 1281,2422 1281,2396 1232,2393"/>
          <TextEquiv conf="0.91815805">
            <Unicode>tum</Unicode>
          </TextEquiv>
        </Word>
        <Word id="region0011_line0005_word0007" custom="readingOrder {index:7;}">
          <Coords points="1297,2423 1408,2423 1408,2401 1381,2399 1375,2392 1358,2393 1353,2399 1307,2399 1297,2398"/>
          <TextEquiv conf="0.8996007">
            <Unicode>verba</Unicode>
          </TextEquiv>
        </Word>
        <Word id="region0011_line0005_word0008" custom="readingOrder {index:8;}">
          <Coords points="1430,2422 1494,2422 1494,2397 1490,2397 1473,2401 1431,2403 1430,2402"/>
          <TextEquiv conf="0.9041908">
            <Unicode>art.</Unicode>
          </TextEquiv>
        </Word>
        <Word id="region0011_line0005_word0009" custom="readingOrder {index:9;}">
          <Coords points="1515,2424 1683,2424 1683,2399 1603,2397 1597,2392 1562,2399 1546,2396 1515,2396"/>
          <TextEquiv>
            <Unicode>LXXXIX.</Unicode>
          </TextEquiv>
        </Word>
        <Word id="region0011_line0005_word0010" custom="readingOrder {index:10;} textStyle {offset:0; length:3;italic:true; fontSize:0.0; kerning:0;}">
          <Coords points="1705,2438 1758,2438 1758,2409 1754,2409 1749,2402 1738,2401 1730,2409 1721,2409 1713,2408 1705,2400"/>
          <TextEquiv conf="0.9090458">
            <Unicode>wie</Unicode>
          </TextEquiv>
        </Word>
        <Word id="region0011_line0005_word0011" custom="readingOrder {index:11;} textStyle {offset:0; length:6;italic:true; fontSize:0.0; kerning:0;}">
          <Coords points="1775,2438 1871,2437 1871,2402 1859,2407 1851,2401 1839,2401 1831,2408 1825,2400 1803,2399 1788,2400 1776,2409 1775,2409"/>
          <TextEquiv conf="0.91134256">
            <Unicode>ſolche</Unicode>
          </TextEquiv>
        </Word>
        <Word id="word_1666084339204_1096" custom="readingOrder {index:12;} textStyle {offset:0; length:5;italic:true; fontSize:0.0; kerning:0;}">
          <Coords points="1887,2400 1935,2400 1949,2402 1956,2409 1963,2409 1968,2408 1969,2403 1974,2400 1990,2396 1990,2436 1887,2436"/>
          <TextEquiv>
            <Unicode>Klage</Unicode>
          </TextEquiv>
        </Word>
        <TextEquiv>
          <Unicode>cuſati. Arguit hoc cum nexus articulorum, tum verba art. LXXXIX. wie ſolche Klage</Unicode>
        </TextEquiv>
      </TextLine>
      <TextLine id="line_1666084339204_1098" custom="readingOrder {index:3;}">
        <Coords points="307,2447 439,2448 442,2439 457,2437 464,2440 466,2447 555,2448 581,2446 584,2439 590,2435 605,2435 607,2444 631,2444 655,2441 665,2433 673,2433 679,2439 706,2438 717,2432 729,2430 792,2430 815,2436 869,2436 898,2434 906,2427 920,2427 927,2433 935,2434 954,2434 957,2429 971,2428 982,2435 1000,2437 1158,2445 1191,2440 1230,2439 1242,2446 1284,2448 1311,2447 1318,2442 1331,2442 1340,2447 1388,2451 1415,2443 1453,2443 1462,2447 1464,2454 1671,2458 1740,2456 1765,2460 1842,2451 1848,2455 1871,2458 1936,2460 1950,2457 1961,2461 1967,2458 1971,2444 1990,2440 1990,2509 1984,2510 1930,2503 1898,2510 1866,2510 1832,2502 1808,2500 1625,2500 1612,2505 1601,2500 1587,2501 1559,2496 1499,2494 1459,2496 1455,2499 1441,2494 1429,2496 1402,2493 1319,2493 1277,2489 1191,2491 1181,2488 1156,2489 1116,2484 1088,2484 1081,2490 1066,2484 979,2479 887,2479 870,2481 863,2488 849,2488 843,2481 796,2481 794,2490 781,2489 773,2492 744,2492 737,2483 595,2487 570,2489 564,2499 556,2501 536,2499 533,2489 427,2489 411,2486 397,2489 307,2490"/>
        <Baseline points="307,2479 972,2468 1204,2480 1990,2497"/>
        <Word id="region0011_line0006_word0000" custom="readingOrder {index:0;} textStyle {offset:0; length:7;italic:true; fontSize:0.0; kerning:0;}">
          <Coords points="326,2471 469,2471 469,2447 466,2447 464,2440 457,2437 442,2439 439,2448 326,2447"/>
          <TextEquiv conf="0.91875386">
            <Unicode>vormals</Unicode>
          </TextEquiv>
        </Word>
        <Word id="region0011_line0006_word0001" custom="readingOrder {index:1;} textStyle {offset:0; length:12;italic:true; fontSize:0.0; kerning:0;}">
          <Coords points="702,2438 679,2439 673,2433 665,2433 655,2441 631,2444 607,2444 605,2435 590,2435 584,2439 581,2446 555,2448 483,2447 483,2486 659,2485 702,2483"/>
          <TextEquiv conf="0.8416966">
            <Unicode>vorgebracht.</Unicode>
          </TextEquiv>
        </Word>
        <Word id="region0011_line0006_word0002" custom="readingOrder {index:2;}">
          <Coords points="756,2436 756,2484 795,2484 796,2481 837,2481 837,2436 815,2436"/>
          <TextEquiv conf="0.9029036">
            <Unicode>Quo</Unicode>
          </TextEquiv>
        </Word>
        <Word id="region0011_line0006_word0003" custom="readingOrder {index:3;}">
          <Coords points="904,2428 898,2434 869,2436 853,2436 853,2487 864,2487 870,2481 887,2479 972,2479 972,2428 971,2428 957,2429 954,2434 935,2434 927,2433 921,2428"/>
          <TextEquiv>
            <Unicode>poſito</Unicode>
          </TextEquiv>
        </Word>
        <Word id="region0011_line0006_word0004" custom="readingOrder {index:4;}">
          <Coords points="990,2443 990,2479 1124,2479 1124,2443 1118,2443"/>
          <TextEquiv conf="0.9178123">
            <Unicode>vterque</Unicode>
          </TextEquiv>
        </Word>
        <Word id="region0011_line0006_word0005" custom="readingOrder {index:5;}">
          <Coords points="1145,2472 1271,2471 1271,2447 1242,2446 1230,2439 1191,2440 1158,2445 1145,2444"/>
          <TextEquiv conf="0.926608">
            <Unicode>nullius</Unicode>
          </TextEquiv>
        </Word>
        <Word id="region0011_line0006_word0006" custom="readingOrder {index:6;}">
          <Coords points="1289,2471 1366,2471 1366,2449 1340,2447 1331,2442 1318,2442 1311,2447 1289,2447"/>
          <TextEquiv conf="0.9076352">
            <Unicode>vſus</Unicode>
          </TextEquiv>
        </Word>
        <Word id="region0011_line0006_word0007" custom="readingOrder {index:7;}">
          <Coords points="1387,2475 1456,2475 1456,2444 1453,2443 1415,2443 1388,2451 1387,2450"/>
          <TextEquiv conf="0.810507">
            <Unicode>eſt,</Unicode>
          </TextEquiv>
        </Word>
        <Word id="region0011_line0006_word0008" custom="readingOrder {index:8;}">
          <Coords points="1479,2468 1543,2468 1543,2455 1479,2454"/>
          <TextEquiv conf="0.90852433">
            <Unicode>nec</Unicode>
          </TextEquiv>
        </Word>
        <Word id="region0011_line0006_word0009" custom="readingOrder {index:9;}">
          <Coords points="1562,2479 1800,2478 1800,2455 1765,2460 1740,2456 1671,2458 1562,2455"/>
          <TextEquiv conf="0.89415395">
            <Unicode>argumentum</Unicode>
          </TextEquiv>
        </Word>
        <Word id="word_1666084339204_1100" custom="readingOrder {index:10;}">
          <Coords points="1822,2453 1842,2451 1848,2455 1871,2458 1936,2460 1950,2457 1961,2461 1967,2458 1971,2444 1990,2440 1990,2483 1822,2483"/>
          <TextEquiv conf="0.9118314">
            <Unicode>ſuggerit,</Unicode>
          </TextEquiv>
        </Word>
        <TextEquiv>
          <Unicode>vormals vorgebracht. Quo poſito vterque nullius vſus eſt, nec argumentum ſuggerit,</Unicode>
        </TextEquiv>
      </TextLine>
      <TextLine id="line_1666084339204_1102" custom="readingOrder {index:4;}">
        <Coords points="307,2501 377,2501 381,2494 398,2490 404,2500 408,2501 407,2489 411,2487 429,2490 435,2499 474,2499 481,2490 492,2490 499,2495 503,2492 516,2492 523,2499 556,2502 609,2498 616,2489 629,2489 635,2496 652,2495 660,2487 674,2487 681,2495 744,2495 781,2490 809,2493 906,2488 915,2487 923,2481 939,2481 945,2487 953,2487 961,2486 967,2480 979,2480 987,2489 1048,2492 1056,2492 1059,2485 1074,2487 1083,2492 1096,2492 1104,2485 1116,2485 1128,2494 1156,2496 1162,2496 1168,2489 1181,2489 1193,2497 1232,2497 1251,2491 1266,2490 1305,2492 1316,2498 1342,2494 1402,2494 1414,2495 1423,2500 1441,2495 1455,2500 1479,2500 1488,2496 1511,2495 1519,2502 1538,2503 1545,2497 1559,2497 1566,2503 1583,2505 1601,2501 1613,2506 1632,2501 1638,2506 1654,2507 1740,2510 1852,2508 1866,2511 1927,2510 1979,2513 1990,2514 1990,2562 1972,2563 1967,2559 1953,2556 1895,2551 1635,2550 1480,2543 1439,2544 1418,2541 1229,2542 1225,2546 1212,2547 1198,2540 1040,2533 892,2533 708,2541 553,2543 548,2546 483,2542 465,2543 459,2548 437,2542 308,2541"/>
        <Baseline points="308,2531 567,2534 1046,2523 1210,2532 1901,2541 1990,2547"/>
        <Word id="region0011_line0007_word0000" custom="readingOrder {index:0;}">
          <Coords points="328,2524 428,2524 427,2489 411,2487 407,2489 408,2501 404,2500 398,2490 381,2494 377,2501 327,2501"/>
          <TextEquiv conf="0.8645431">
            <Unicode>vnde</Unicode>
          </TextEquiv>
        </Word>
        <Word id="region0011_line0007_word0001" custom="readingOrder {index:1;}">
          <Coords points="438,2531 519,2531 518,2494 516,2492 503,2492 499,2495 492,2490 481,2490 474,2499 437,2499"/>
          <TextEquiv conf="0.90177476">
            <Unicode>quid</Unicode>
          </TextEquiv>
        </Word>
        <Word id="region0011_line0007_word0002" custom="readingOrder {index:2;}">
          <Coords points="536,2533 600,2533 599,2500 582,2500 556,2502 535,2500"/>
          <TextEquiv conf="0.9128519">
            <Unicode>pro</Unicode>
          </TextEquiv>
        </Word>
        <Word id="region0011_line0007_word0003" custom="readingOrder {index:3;}">
          <Coords points="660,2487 652,2495 635,2496 629,2489 617,2489 618,2524 812,2524 811,2492 809,2493 781,2490 744,2495 681,2495 674,2487"/>
          <TextEquiv conf="0.8649471">
            <Unicode>inſtruenda</Unicode>
          </TextEquiv>
        </Word>
        <Word id="region0011_line0007_word0004" custom="readingOrder {index:4;}">
          <Coords points="915,2487 906,2488 833,2491 834,2524 1050,2524 1049,2492 1048,2492 987,2489 985,2487 953,2487 945,2487"/>
          <TextEquiv conf="0.9026471">
            <Unicode>accuſatione</Unicode>
          </TextEquiv>
        </Word>
        <Word id="region0011_line0007_word0005" custom="readingOrder {index:5;}">
          <Coords points="1064,2487 1065,2523 1185,2523 1184,2491 1181,2489 1168,2489 1162,2496 1156,2496 1128,2494 1118,2487 1101,2487 1096,2492 1083,2492 1074,2487"/>
          <TextEquiv conf="0.88606095">
            <Unicode>inferri</Unicode>
          </TextEquiv>
        </Word>
        <Word id="region0011_line0007_word0006" custom="readingOrder {index:6;}">
          <Coords points="1210,2531 1331,2531 1330,2495 1316,2498 1305,2492 1266,2490 1251,2491 1232,2497 1216,2497 1209,2497"/>
          <TextEquiv conf="0.8771954">
            <Unicode>poſſet.</Unicode>
          </TextEquiv>
        </Word>
        <Word id="region0011_line0007_word0007" custom="readingOrder {index:7;}">
          <Coords points="1382,2522 1450,2522 1449,2497 1441,2495 1423,2500 1414,2495 1402,2494 1381,2494"/>
          <TextEquiv conf="0.836916">
            <Unicode>Sed</Unicode>
          </TextEquiv>
        </Word>
        <Word id="region0011_line0007_word0008" custom="readingOrder {index:8;}">
          <Coords points="1466,2525 1560,2525 1559,2497 1559,2497 1545,2497 1538,2503 1519,2502 1511,2495 1488,2496 1479,2500 1465,2500"/>
          <TextEquiv conf="0.8878752">
            <Unicode>aliud</Unicode>
          </TextEquiv>
        </Word>
        <Word id="region0011_line0007_word0009" custom="readingOrder {index:9;}">
          <Coords points="1576,2523 1682,2523 1681,2507 1654,2507 1638,2506 1632,2501 1613,2506 1601,2501 1583,2505 1575,2504"/>
          <TextEquiv conf="0.90790886">
            <Unicode>viſum</Unicode>
          </TextEquiv>
        </Word>
        <Word id="word_1666084500124_1184" custom="readingOrder {index:10;}">
          <Coords points="1700,2518 1852,2518 1927,2520 1979,2523 1985,2524 1986,2539 1801,2539 1701,2531"/>
          <TextEquiv>
            <Unicode>CARPZOVIO,</Unicode>
          </TextEquiv>
        </Word>
        <TextEquiv>
          <Unicode>vnde quid pro inſtruenda accuſatione inferri poſſet. Sed aliud viſum CARPZOVIO,</Unicode>
        </TextEquiv>
      </TextLine>
      <TextLine id="line_1666084339219_1110" custom="readingOrder {index:5;}">
        <Coords points="376,2543 437,2543 457,2549 469,2544 483,2543 530,2544 536,2547 548,2547 553,2544 600,2544 634,2551 651,2552 656,2548 664,2548 669,2552 675,2552 710,2550 715,2546 722,2546 728,2540 741,2541 747,2550 800,2549 831,2545 836,2537 841,2536 853,2537 858,2545 888,2543 895,2536 912,2536 918,2543 1097,2545 1129,2545 1135,2538 1151,2538 1157,2545 1179,2546 1184,2541 1198,2541 1212,2548 1292,2550 1366,2550 1378,2542 1393,2542 1402,2549 1408,2543 1418,2542 1426,2544 1430,2550 1474,2544 1499,2545 1505,2550 1512,2551 1532,2547 1559,2547 1588,2555 1610,2557 1687,2556 1693,2551 1707,2551 1716,2556 1771,2559 1776,2552 1792,2551 1798,2559 1881,2561 1890,2559 1895,2553 1909,2553 1915,2559 1932,2562 1990,2564 1990,2610 1969,2610 1854,2603 1847,2610 1839,2610 1829,2603 1810,2601 1381,2592 1329,2593 1322,2599 1306,2599 1300,2593 1283,2591 1230,2592 1221,2589 1118,2587 1074,2590 1040,2585 946,2585 875,2589 820,2594 814,2598 803,2593 595,2596 467,2592 450,2604 390,2603 367,2596 361,2596 353,2602 340,2603 334,2602 329,2596 308,2596 308,2553 368,2552"/>
        <Baseline points="432,2579 720,2585 999,2575 1990,2599"/>
        <Word id="region0011_line0008_word0000" custom="readingOrder {index:0;}">
          <Coords points="313,2589 389,2589 389,2545 374,2545 368,2552 313,2552"/>
          <TextEquiv conf="0.8754929">
            <Unicode>qui</Unicode>
          </TextEquiv>
        </Word>
        <Word id="region0011_line0008_word0001" custom="readingOrder {index:1;} textStyle {offset:0; length:3;italic:true; fontSize:0.0; kerning:0;}">
          <Coords points="406,2545 406,2591 473,2591 473,2545 466,2545 457,2549 443,2545"/>
          <TextEquiv conf="0.8839769">
            <Unicode>Qu.</Unicode>
          </TextEquiv>
        </Word>
        <Word id="region0011_line0008_word0002" custom="readingOrder {index:2;} textStyle {offset:0; length:4;italic:true; fontSize:0.0; kerning:0;}">
          <Coords points="491,2548 573,2548 573,2582 491,2582"/>
          <TextEquiv conf="0.88651294">
            <Unicode>CVI.</Unicode>
          </TextEquiv>
        </Word>
        <Word id="region0011_line0008_word0003" custom="readingOrder {index:3;}">
          <Coords points="596,2545 596,2588 818,2587 818,2546 800,2549 747,2550 743,2544 723,2544 722,2546 715,2546 710,2550 675,2552 669,2552 664,2548 656,2548 651,2552 634,2551 604,2544"/>
          <TextEquiv conf="0.8959514">
            <Unicode>ſententiam,</Unicode>
          </TextEquiv>
        </Word>
        <Word id="region0011_line0008_word0004" custom="readingOrder {index:4;}">
          <Coords points="838,2544 838,2579 873,2579 873,2544 858,2545 857,2544"/>
          <TextEquiv conf="0.90853137">
            <Unicode>in</Unicode>
          </TextEquiv>
        </Word>
        <Word id="region0011_line0008_word0005" custom="readingOrder {index:5;}">
          <Coords points="891,2546 924,2546 924,2580 891,2580"/>
          <TextEquiv conf="0.9175102">
            <Unicode>ſe</Unicode>
          </TextEquiv>
        </Word>
        <Word id="region0011_line0008_word0006" custom="readingOrder {index:6;}">
          <Coords points="949,2554 1087,2554 1087,2583 949,2583"/>
          <TextEquiv conf="0.91316795">
            <Unicode>veram,</Unicode>
          </TextEquiv>
        </Word>
        <Word id="region0011_line0008_word0007" custom="readingOrder {index:7;}">
          <Coords points="1129,2545 1129,2545 1114,2545 1114,2580 1274,2579 1274,2550 1212,2548 1205,2544 1180,2545 1179,2546 1157,2545 1157,2545"/>
          <TextEquiv conf="0.89156985">
            <Unicode>nimirum</Unicode>
          </TextEquiv>
        </Word>
        <Word id="region0011_line0008_word0008" custom="readingOrder {index:8;}">
          <Coords points="1301,2587 1394,2587 1394,2545 1373,2545 1366,2550 1301,2550"/>
          <TextEquiv conf="0.7954788">
            <Unicode>quod</Unicode>
          </TextEquiv>
        </Word>
        <Word id="region0011_line0008_word0009" custom="readingOrder {index:9;}">
          <Coords points="1409,2545 1409,2578 1444,2578 1444,2548 1430,2550 1426,2545"/>
          <TextEquiv conf="0.6660552">
            <Unicode>in</Unicode>
          </TextEquiv>
        </Word>
        <Word id="region0011_line0008_word0010" custom="readingOrder {index:10;}">
          <Coords points="1460,2546 1460,2579 1580,2579 1580,2552 1559,2547 1532,2547 1512,2551 1505,2550 1500,2546"/>
          <TextEquiv conf="0.92511904">
            <Unicode>libello</Unicode>
          </TextEquiv>
        </Word>
        <Word id="region0011_line0008_word0011" custom="readingOrder {index:11;}">
          <Coords points="1602,2580 1814,2579 1814,2559 1798,2559 1792,2551 1776,2552 1771,2559 1716,2556 1707,2551 1693,2551 1687,2556 1610,2557 1602,2556"/>
          <TextEquiv conf="0.90268135">
            <Unicode>accuſatorio</Unicode>
          </TextEquiv>
        </Word>
        <Word id="region0011_line0008_word0012" custom="readingOrder {index:12;}">
          <Coords points="1837,2586 1986,2586 1986,2564 1932,2562 1915,2559 1909,2553 1895,2553 1890,2559 1881,2561 1837,2559"/>
          <TextEquiv conf="0.90270907">
            <Unicode>petitum</Unicode>
          </TextEquiv>
        </Word>
        <TextEquiv conf="0.8742121">
          <Unicode>qui Qu. CVI. ſententiam, in ſe veram, nimirum quod in libello accuſatorio petitum</Unicode>
        </TextEquiv>
      </TextLine>
      <TextLine id="line_1666084339219_1104" custom="readingOrder {index:6;}">
        <Coords points="308,2603 450,2605 467,2593 474,2602 483,2599 486,2594 500,2593 517,2596 594,2596 601,2597 605,2602 609,2596 625,2596 631,2605 656,2602 660,2605 698,2606 759,2602 767,2594 781,2594 785,2598 789,2594 803,2594 811,2601 880,2598 884,2595 933,2598 935,2591 943,2587 958,2589 962,2598 989,2597 992,2590 999,2586 1012,2587 1015,2590 1021,2587 1040,2586 1062,2594 1097,2596 1104,2588 1121,2589 1126,2596 1205,2596 1207,2591 1221,2590 1226,2592 1229,2598 1236,2599 1256,2599 1272,2592 1283,2592 1299,2600 1462,2603 1488,2601 1501,2595 1509,2595 1518,2598 1544,2597 1555,2603 1588,2606 1615,2606 1621,2599 1637,2599 1643,2606 1651,2607 1691,2606 1695,2601 1721,2600 1730,2602 1733,2607 1828,2611 1857,2611 1864,2605 1873,2604 1885,2607 1899,2606 1907,2614 1990,2620 1990,2668 1972,2669 1944,2661 1829,2653 1797,2654 1793,2659 1777,2660 1771,2653 1729,2650 1407,2643 1383,2645 1377,2650 1367,2650 1357,2645 1339,2644 1334,2641 1259,2643 1167,2639 1089,2639 1080,2644 1068,2644 1064,2641 1043,2640 932,2638 924,2642 906,2641 899,2644 693,2648 670,2651 517,2646 499,2653 492,2652 487,2645 397,2644 377,2646 354,2654 308,2655"/>
        <Baseline points="308,2644 392,2634 700,2639 1152,2629 1730,2640 1990,2654"/>
        <Word id="region0011_line0009_word0000" custom="readingOrder {index:0;}">
          <Coords points="500,2645 500,2593 486,2594 483,2599 474,2602 467,2593 450,2605 326,2603 326,2645 387,2645 397,2644 487,2645"/>
          <TextEquiv conf="0.54118955">
            <Unicode>generale,</Unicode>
          </TextEquiv>
        </Word>
        <Word id="region0011_line0009_word0001" custom="readingOrder {index:1;}">
          <Coords points="508,2645 701,2644 701,2605 698,2606 660,2605 656,2602 631,2605 625,2596 609,2596 605,2602 601,2597 594,2596 517,2596 508,2594"/>
          <TextEquiv conf="0.44148937">
            <Unicode>lſufficiat,</Unicode>
          </TextEquiv>
        </Word>
        <Word id="region0011_line0009_word0002" custom="readingOrder {index:2;}">
          <Coords points="710,2608 755,2608 755,2632 710,2632"/>
          <TextEquiv conf="0.91947603">
            <Unicode>ex</Unicode>
          </TextEquiv>
        </Word>
        <Word id="region0011_line0009_word0003" custom="readingOrder {index:3;}">
          <Coords points="769,2595 769,2631 821,2631 821,2600 811,2601 804,2595 788,2595 785,2598 782,2595"/>
          <TextEquiv conf="0.91947603">
            <Unicode>his</Unicode>
          </TextEquiv>
        </Word>
        <Word id="region0011_line0009_word0004" custom="readingOrder {index:4;}">
          <Coords points="845,2601 906,2601 906,2631 845,2631"/>
          <TextEquiv conf="0.92150056">
            <Unicode>art.</Unicode>
          </TextEquiv>
        </Word>
        <Word id="region0011_line0009_word0005" custom="readingOrder {index:5;}">
          <Coords points="934,2593 934,2594 934,2635 1081,2635 1081,2595 1062,2594 1059,2593 990,2593 989,2597 962,2598 959,2593"/>
          <TextEquiv conf="0.90981275">
            <Unicode>decidit,</Unicode>
          </TextEquiv>
        </Word>
        <Word id="region0011_line0009_word0006" custom="readingOrder {index:6;}">
          <Coords points="1105,2594 1105,2629 1220,2628 1220,2593 1206,2593 1205,2596 1126,2596 1124,2593"/>
          <TextEquiv conf="0.85610753">
            <Unicode>immo</Unicode>
          </TextEquiv>
        </Word>
        <Word id="region0011_line0009_word0007" custom="readingOrder {index:7;}">
          <Coords points="1265,2595 1256,2599 1237,2599 1237,2631 1340,2631 1340,2600 1299,2600 1289,2595"/>
          <TextEquiv conf="0.79415804">
            <Unicode>etiam</Unicode>
          </TextEquiv>
        </Word>
        <Word id="region0011_line0009_word0008" custom="readingOrder {index:8;}">
          <Coords points="1365,2604 1429,2604 1429,2636 1365,2636"/>
          <TextEquiv conf="0.90939736">
            <Unicode>pro</Unicode>
          </TextEquiv>
        </Word>
        <Word id="region0011_line0009_word0009" custom="readingOrder {index:9;}">
          <Coords points="1498,2596 1488,2601 1462,2603 1454,2602 1454,2629 1657,2629 1657,2606 1651,2607 1643,2606 1637,2599 1621,2599 1615,2606 1588,2606 1555,2603 1544,2597 1518,2598 1512,2596"/>
          <TextEquiv conf="0.9142263">
            <Unicode>reſoluenda</Unicode>
          </TextEquiv>
        </Word>
        <Word id="region0011_line0009_word0010" custom="readingOrder {index:10;}">
          <Coords points="1680,2628 1745,2628 1745,2607 1733,2607 1730,2602 1721,2600 1695,2601 1691,2606 1680,2606"/>
          <TextEquiv conf="0.90841955">
            <Unicode>alia</Unicode>
          </TextEquiv>
        </Word>
        <Word id="region0011_line0009_word0011" custom="readingOrder {index:11;}">
          <Coords points="1771,2639 1984,2638 1984,2619 1907,2614 1899,2606 1885,2607 1873,2604 1864,2605 1857,2611 1828,2611 1771,2608"/>
          <TextEquiv conf="0.8685596">
            <Unicode>quaeſtione,</Unicode>
          </TextEquiv>
        </Word>
        <TextEquiv conf="0.82531774">
          <Unicode>generale, lſufficiat, ex his art. decidit, immo etiam pro reſoluenda alia quaeſtione,</Unicode>
        </TextEquiv>
      </TextLine>
      <TextLine id="line_1666084339219_1106" custom="readingOrder {index:7;}">
        <Coords points="308,2656 354,2655 363,2651 469,2653 474,2646 487,2646 492,2653 497,2654 508,2653 517,2647 531,2647 542,2648 548,2655 553,2656 558,2649 568,2648 573,2649 578,2657 613,2656 618,2649 635,2649 643,2656 654,2651 729,2649 737,2657 790,2657 809,2656 813,2653 825,2656 897,2654 900,2644 924,2643 932,2639 949,2641 951,2652 959,2652 961,2643 966,2640 1002,2641 1009,2650 1014,2650 1078,2647 1089,2640 1122,2640 1136,2647 1219,2645 1260,2650 1304,2650 1321,2642 1334,2642 1342,2650 1363,2651 1466,2653 1471,2646 1489,2646 1494,2654 1522,2654 1529,2646 1566,2647 1575,2656 1613,2656 1622,2648 1646,2649 1654,2656 1664,2657 1693,2651 1729,2651 1754,2653 1758,2662 1785,2662 1795,2660 1800,2654 1815,2654 1820,2662 1835,2663 1850,2663 1856,2657 1864,2656 1873,2658 1877,2665 1893,2667 1990,2670 1990,2715 1946,2715 1829,2707 1570,2697 1269,2692 1229,2697 1225,2694 1184,2692 962,2693 897,2699 772,2702 763,2708 749,2708 742,2703 516,2695 308,2696"/>
        <Baseline points="308,2686 756,2693 953,2683 1415,2683 1990,2704"/>
        <Word id="region0011_line0010_word0000" custom="readingOrder {index:0;}">
          <Coords points="330,2685 446,2685 446,2655 354,2655 330,2655"/>
          <TextEquiv conf="0.90091324">
            <Unicode>vtrum</Unicode>
          </TextEquiv>
        </Word>
        <Word id="region0011_line0010_word0001" custom="readingOrder {index:1;} textStyle {offset:0; length:7;italic:true; fontSize:0.0; kerning:0;}">
          <Coords points="472,2650 472,2684 588,2684 588,2656 578,2657 573,2650 557,2650 553,2656 548,2655 543,2650 512,2650 508,2653 497,2654 492,2653 489,2650"/>
          <TextEquiv conf="0.8968199">
            <Unicode>indicia</Unicode>
          </TextEquiv>
        </Word>
        <Word id="region0011_line0010_word0002" custom="readingOrder {index:2;}">
          <Coords points="618,2649 613,2656 613,2685 728,2685 728,2649 654,2651 643,2656 635,2649"/>
          <TextEquiv conf="0.88864636">
            <Unicode>delicti</Unicode>
          </TextEquiv>
        </Word>
        <Word id="region0011_line0010_word0003" custom="readingOrder {index:3;}">
          <Coords points="810,2655 809,2656 790,2657 750,2657 750,2693 879,2693 879,2655 861,2655 825,2656 821,2655"/>
          <TextEquiv conf="0.89746255">
            <Unicode>partem</Unicode>
          </TextEquiv>
        </Word>
        <Word id="region0011_line0010_word0004" custom="readingOrder {index:4;} textStyle {offset:0; length:7;italic:true; fontSize:0.0; kerning:0;}">
          <Coords points="903,2644 903,2684 1000,2684 1000,2644 960,2644 959,2652 951,2652 949,2644"/>
          <TextEquiv conf="0.9175705">
            <Unicode>libelli</Unicode>
          </TextEquiv>
        </Word>
        <Word id="region0011_line0010_word0005" custom="readingOrder {index:5;}">
          <Coords points="1078,2647 1078,2647 1017,2650 1017,2689 1242,2688 1242,2648 1228,2646 1163,2646 1136,2647 1135,2646"/>
          <TextEquiv conf="0.8882226">
            <Unicode>conſtituant,</Unicode>
          </TextEquiv>
        </Word>
        <Word id="region0011_line0010_word0006" custom="readingOrder {index:6;}">
          <Coords points="1312,2646 1304,2650 1268,2650 1268,2682 1440,2682 1440,2652 1363,2651 1342,2650 1338,2646"/>
          <TextEquiv conf="0.9097535">
            <Unicode>rationem</Unicode>
          </TextEquiv>
        </Word>
        <Word id="region0011_line0010_word0007" custom="readingOrder {index:7;}">
          <Coords points="1469,2648 1466,2653 1466,2683 1647,2683 1647,2649 1646,2649 1622,2648 1613,2656 1575,2656 1567,2648 1527,2648 1522,2654 1494,2654 1490,2648"/>
          <TextEquiv conf="0.8393121">
            <Unicode>decidendi</Unicode>
          </TextEquiv>
        </Word>
        <Word id="region0011_line0010_word0008" custom="readingOrder {index:8;}">
          <Coords points="1663,2658 1683,2658 1683,2683 1663,2683"/>
          <TextEquiv conf="0.9197017">
            <Unicode>a</Unicode>
          </TextEquiv>
        </Word>
        <Word id="region0011_line0010_word0009" custom="readingOrder {index:9;}">
          <Coords points="1706,2683 1836,2682 1836,2663 1835,2663 1820,2662 1815,2654 1800,2654 1795,2660 1785,2662 1758,2662 1754,2653 1729,2651 1706,2651"/>
          <TextEquiv conf="0.8495593">
            <Unicode>ſilentio</Unicode>
          </TextEquiv>
        </Word>
        <Word id="region0011_line0010_word0010" custom="readingOrder {index:10;}">
          <Coords points="1860,2683 1984,2683 1984,2670 1893,2667 1877,2665 1873,2658 1864,2656 1860,2656"/>
          <TextEquiv conf="0.9167778">
            <Unicode>horum</Unicode>
          </TextEquiv>
        </Word>
        <TextEquiv conf="0.89315814">
          <Unicode>vtrum indicia delicti partem libelli conſtituant, rationem decidendi a ſilentio horum</Unicode>
        </TextEquiv>
      </TextLine>
      <TextLine id="line_1666084339219_1108" custom="readingOrder {index:8;}">
        <Coords points="386,2697 399,2698 404,2705 433,2703 441,2697 456,2697 460,2703 472,2704 542,2704 602,2708 629,2706 634,2700 649,2700 655,2706 688,2708 694,2713 705,2713 896,2708 912,2706 926,2699 971,2697 982,2697 988,2702 1005,2705 1096,2703 1099,2696 1104,2693 1118,2694 1123,2702 1197,2702 1209,2698 1213,2701 1262,2701 1264,2695 1269,2693 1283,2693 1290,2701 1302,2702 1466,2704 1470,2701 1479,2701 1483,2704 1515,2707 1642,2710 1648,2701 1660,2701 1669,2709 1684,2709 1690,2704 1708,2704 1713,2710 1730,2713 1736,2705 1748,2705 1756,2714 1779,2715 1787,2715 1793,2708 1804,2707 1812,2713 1819,2708 1829,2708 1836,2712 1839,2718 1926,2724 1990,2724 1990,2770 1951,2770 1699,2757 1682,2757 1676,2762 1660,2762 1654,2756 1615,2752 1597,2752 1591,2760 1581,2761 1571,2758 1567,2750 1503,2750 1496,2754 1486,2754 1481,2750 1444,2747 1331,2745 1043,2749 1015,2757 1009,2751 984,2750 879,2752 818,2755 809,2762 796,2762 788,2755 763,2754 681,2753 667,2756 651,2751 593,2751 589,2756 582,2756 571,2755 565,2750 555,2748 536,2747 426,2747 389,2751 308,2752 308,2709 377,2705"/>
        <Baseline points="308,2742 545,2737 817,2745 1337,2735 1990,2759"/>
        <Word id="region0011_line0011_word0000" custom="readingOrder {index:0;}">
          <Coords points="380,2702 377,2705 330,2707 330,2739 554,2739 554,2704 542,2704 472,2704 460,2703 459,2702 434,2702 433,2703 404,2705 401,2702"/>
          <TextEquiv conf="0.8990203">
            <Unicode>articulorum</Unicode>
          </TextEquiv>
        </Word>
        <Word id="region0011_line0011_word0001" custom="readingOrder {index:1;}">
          <Coords points="633,2700 629,2706 602,2708 576,2706 576,2744 684,2743 684,2707 655,2706 649,2700"/>
          <TextEquiv conf="0.9117195">
            <Unicode>petit,</Unicode>
          </TextEquiv>
        </Word>
        <Word id="region0011_line0011_word0002" custom="readingOrder {index:2;}">
          <Coords points="712,2745 856,2745 856,2711 781,2711 712,2712"/>
          <TextEquiv conf="0.89955026">
            <Unicode>eamque</Unicode>
          </TextEquiv>
        </Word>
        <Word id="region0011_line0011_word0003" custom="readingOrder {index:3;}">
          <Coords points="874,2711 916,2711 916,2736 874,2736"/>
          <TextEquiv conf="0.9256504">
            <Unicode>ex</Unicode>
          </TextEquiv>
        </Word>
        <Word id="region0011_line0011_word0004" custom="readingOrder {index:4;}">
          <Coords points="933,2701 933,2737 1002,2737 1002,2704 988,2702 986,2701"/>
          <TextEquiv conf="0.8892983">
            <Unicode>ſola</Unicode>
          </TextEquiv>
        </Word>
        <Word id="region0011_line0011_word0005" custom="readingOrder {index:5;}">
          <Coords points="1018,2745 1116,2745 1116,2699 1097,2699 1096,2703 1018,2704"/>
          <TextEquiv conf="0.91168165">
            <Unicode>praxi</Unicode>
          </TextEquiv>
        </Word>
        <Word id="region0011_line0011_word0006" custom="readingOrder {index:6;}">
          <Coords points="1207,2698 1197,2702 1133,2702 1133,2735 1302,2734 1302,2702 1290,2701 1287,2698 1262,2698 1262,2701 1213,2701 1209,2698"/>
          <TextEquiv conf="0.90872556">
            <Unicode>contraria</Unicode>
          </TextEquiv>
        </Word>
        <Word id="region0011_line0011_word0007" custom="readingOrder {index:7;}">
          <Coords points="1320,2705 1320,2740 1499,2740 1499,2705 1493,2705"/>
          <TextEquiv conf="0.90673184">
            <Unicode>removet,</Unicode>
          </TextEquiv>
        </Word>
        <Word id="region0011_line0011_word0008" custom="readingOrder {index:8;}">
          <Coords points="1523,2708 1523,2744 1635,2744 1635,2709 1557,2708"/>
          <TextEquiv conf="0.89600134">
            <Unicode>eoque</Unicode>
          </TextEquiv>
        </Word>
        <Word id="region0011_line0011_word0009" custom="readingOrder {index:9;}">
          <Coords points="1649,2743 1722,2743 1722,2711 1713,2710 1708,2704 1690,2704 1684,2709 1669,2709 1660,2701 1649,2701"/>
          <TextEquiv conf="0.757452">
            <Unicode>ipſo</Unicode>
          </TextEquiv>
        </Word>
        <Word id="region0011_line0011_word0010" custom="readingOrder {index:10;}">
          <Coords points="1737,2737 1771,2737 1771,2714 1756,2714 1748,2705 1737,2705"/>
          <TextEquiv conf="0.89362425">
            <Unicode>in</Unicode>
          </TextEquiv>
        </Word>
        <Word id="region0011_line0011_word0011" custom="readingOrder {index:11;}">
          <Coords points="1796,2736 1848,2735 1848,2718 1839,2718 1836,2712 1829,2708 1819,2708 1812,2713 1804,2707 1796,2707"/>
          <TextEquiv conf="0.89821357">
            <Unicode>his</Unicode>
          </TextEquiv>
        </Word>
        <Word id="region0011_line0011_word0012" custom="readingOrder {index:12;}">
          <Coords points="1865,2736 1983,2736 1983,2724 1926,2724 1865,2719"/>
          <TextEquiv conf="0.89821357">
            <Unicode>veram</Unicode>
          </TextEquiv>
        </Word>
        <TextEquiv conf="0.89199096">
          <Unicode>articulorum petit, eamque ex ſola praxi contraria removet, eoque ipſo in his veram</Unicode>
        </TextEquiv>
      </TextLine>
      <TextLine id="region0011_line0012" custom="readingOrder {index:9;}">
        <Coords points="426,2748 399,2751 378,2759 372,2758 368,2752 308,2753 308,2806 518,2799 771,2810 1082,2806 1088,2811 1097,2811 1104,2806 1168,2802 1215,2811 1227,2804 1262,2800 1381,2801 1397,2789 1397,2760 1392,2755 1320,2755 1289,2752 1239,2755 1234,2746 1217,2746 1212,2755 1147,2757 1140,2748 1126,2748 1119,2757 1092,2760 1088,2750 1073,2749 1035,2751 1014,2760 936,2762 930,2753 918,2752 911,2756 909,2762 900,2762 892,2753 880,2753 875,2757 866,2754 827,2756 807,2764 706,2762 695,2760 689,2754 661,2759 659,2755 651,2752 632,2751 624,2752 620,2758 590,2758 571,2756 555,2749 540,2749 535,2754 451,2756 444,2755 439,2749"/>
        <Baseline points="308,2797 496,2789 747,2799 1394,2791"/>
        <Word id="region0011_line0012_word0000" custom="readingOrder {index:0;}">
          <Coords points="321,2759 321,2805 438,2801 438,2759 378,2759"/>
          <TextEquiv conf="0.8658317">
            <Unicode>libelli</Unicode>
          </TextEquiv>
        </Word>
        <Word id="region0011_line0012_word0001" custom="readingOrder {index:1;}">
          <Coords points="453,2760 653,2759 653,2795 453,2796"/>
          <TextEquiv>
            <Unicode>accuſatorii</Unicode>
          </TextEquiv>
        </Word>
        <Word id="region0011_line0012_word0002" custom="readingOrder {index:2;}">
          <Coords points="671,2759 671,2798 817,2798 817,2760 807,2764 706,2762 695,2760 694,2759"/>
          <TextEquiv conf="0.67855805">
            <Unicode>formam</Unicode>
          </TextEquiv>
        </Word>
        <Word id="region0011_line0012_word0003" custom="readingOrder {index:3;}">
          <Coords points="833,2759 894,2759 894,2796 833,2796"/>
          <TextEquiv conf="0.8528067">
            <Unicode>ſibi</Unicode>
          </TextEquiv>
        </Word>
        <Word id="region0011_line0012_word0004" custom="readingOrder {index:4;}">
          <Coords points="916,2757 916,2803 1101,2803 1101,2759 1092,2760 1090,2757 1021,2757 1014,2760 936,2762 932,2757"/>
          <TextEquiv conf="0.770574">
            <Unicode>inueniſſe,</Unicode>
          </TextEquiv>
        </Word>
        <Word id="region0011_line0012_word0005" custom="readingOrder {index:5;}">
          <Coords points="1127,2756 1127,2804 1168,2802 1182,2804 1226,2804 1227,2804 1262,2800 1346,2800 1346,2755 1188,2755 1147,2757 1146,2755"/>
          <TextEquiv conf="0.7193617">
            <Unicode>imaginatur.</Unicode>
          </TextEquiv>
        </Word>
        <TextEquiv>
          <Unicode>libelli accuſatorii formam ſibi inueniſſe, imaginatur.</Unicode>
        </TextEquiv>
      </TextLine>
      <TextEquiv>
        <Unicode>terque articulus ſormulas ſiſtit, in ſolenni iudicio imaginario recitandas, quaſi in&#13;
complementum eius, quod actum eſt; non libellum accuſatoris, vel exceptionem ac-&#13;
cuſati. Arguit hoc cum nexus articulorum, tum verba art. LXXXIX. wie ſolche Klage&#13;
vormals vorgebracht. Quo poſito vterque nullius vſus eſt, nec argumentum ſuggerit,&#13;
vnde quid pro inſtruenda accuſatione inferri poſſet. Sed aliud viſum CARPZOVIO,&#13;
qui Qu. CVI. ſententiam, in ſe veram, nimirum quod in libello accuſatorio petitum&#13;
generale, lſufficiat, ex his art. decidit, immo etiam pro reſoluenda alia quaeſtione,&#13;
vtrum indicia delicti partem libelli conſtituant, rationem decidendi a ſilentio horum&#13;
articulorum petit, eamque ex ſola praxi contraria removet, eoque ipſo in his veram&#13;
libelli accuſatorii formam ſibi inueniſſe, imaginatur.</Unicode>
      </TextEquiv>
    </TextRegion>
    <TextRegion orientation="0.096103534" type="marginalia" readingDirection="left-to-right" id="TextRegion_1666084703937_1289" custom="readingOrder {index:12;} structure {type:marginalia;}">
      <Coords points="1990,2240 2212,2240 2212,2482 1990,2482"/>
      <TextLine id="line_1666084339188_1089" custom="readingOrder {index:0;}">
        <Coords points="1990,2305 2002,2301 2042,2300 2060,2302 2067,2311 2075,2311 2085,2301 2099,2301 2105,2306 2107,2313 2117,2314 2179,2314 2185,2306 2195,2305 2204,2314 2211,2315 2211,2353 2088,2351 2079,2357 2072,2357 2063,2354 2061,2350 2035,2347 2012,2351 1990,2351"/>
        <Word id="region0011_line0002_word0011" custom="readingOrder {index:0;}">
          <Coords points="2042,2300 2024,2300 2024,2347 2106,2347 2105,2306 2099,2301"/>
          <TextEquiv conf="0.9038532">
            <Unicode>Senſus</Unicode>
          </TextEquiv>
        </Word>
        <Word id="word_1666084614951_1216" custom="readingOrder {index:1;}">
          <Coords points="2129,2315 2202,2315 2202,2349 2129,2349"/>
          <TextEquiv>
            <Unicode>arti-</Unicode>
          </TextEquiv>
        </Word>
        <TextEquiv>
          <Unicode>Senſus arti-</Unicode>
        </TextEquiv>
      </TextLine>
      <TextLine id="line_1666084339204_1091" custom="readingOrder {index:1;}">
        <Coords points="1990,2354 2027,2354 2035,2348 2046,2348 2052,2354 2072,2358 2211,2358 2211,2395 2121,2396 2015,2392 1990,2397"/>
        <Baseline points="1990,2388 2211,2386"/>
        <Word id="region0011_line0004_word0011" custom="readingOrder {index:0;}">
          <Coords points="1997,2389 2127,2389 2115,2354 2046,2348 2035,2348 2027,2354 2000,2354"/>
          <TextEquiv conf="0.88540816">
            <Unicode>culorum</Unicode>
          </TextEquiv>
        </Word>
        <Word id="word_1666084617565_1219" custom="readingOrder {index:1;}">
          <Coords points="2143,2358 2212,2358 2212,2397 2143,2397"/>
          <TextEquiv>
            <Unicode>con-</Unicode>
          </TextEquiv>
        </Word>
        <TextEquiv>
          <Unicode>culorum con-</Unicode>
        </TextEquiv>
      </TextLine>
      <TextLine id="line_1666084339204_1093" custom="readingOrder {index:2;}">
        <Coords points="1990,2396 2004,2394 2138,2401 2211,2401 2211,2439 2092,2441 2024,2434 1990,2439"/>
        <Baseline points="1990,2431 2007,2425 2211,2430"/>
        <Word id="word_1666084339204_1095" custom="readingOrder {index:0;}">
          <Coords points="1990,2396 2004,2394 2046,2396 2046,2436 2043,2436 2024,2434 2012,2436 1990,2436"/>
          <TextEquiv>
            <Unicode>tra</Unicode>
          </TextEquiv>
        </Word>
        <Word id="word_1666084660508_1252" custom="readingOrder {index:1;}">
          <Coords points="2080,2397 2210,2401 2210,2437 2185,2437 2165,2437 2150,2437 2080,2419"/>
          <TextEquiv>
            <Unicode>CARP-</Unicode>
          </TextEquiv>
        </Word>
        <TextEquiv>
          <Unicode>tra CARP-</Unicode>
        </TextEquiv>
      </TextLine>
      <TextLine id="line_1666084339204_1097" custom="readingOrder {index:3;}">
        <Coords points="1990,2440 2011,2437 2211,2445 2211,2486 2089,2485 2039,2480 2039,2504 2036,2508 1990,2509"/>
        <Baseline points="1990,2497 2039,2499"/>
        <Word id="word_1666084703999_1292" custom="readingOrder {index:0;}">
          <Coords points="1990,2440 2011,2437 2013,2437 2048,2438 2181,2443 2181,2468 2064,2482 1990,2482"/>
          <TextEquiv>
            <Unicode>ZOVIVM.</Unicode>
          </TextEquiv>
        </Word>
        <TextEquiv>
          <Unicode>ZOVIVM.</Unicode>
        </TextEquiv>
      </TextLine>
      <TextEquiv>
        <Unicode>arti- Senſus&#13;
con- culorum&#13;
CARP- tra&#13;
ZOVIVM.</Unicode>
      </TextEquiv>
    </TextRegion>
    <TextRegion type="signature-mark" id="region_1682502165547_2495" custom="readingOrder {index:13;} structure {type:signature-mark;}">
      <Coords points="1085,2904 1085,2954 1200,2954 1200,2904"/>
      <TextLine id="line_1682502165810_2498" custom="readingOrder {index:0;}">
        <Coords points="1085,2904 1085,2954 1200,2954 1200,2904"/>
        <Word id="word_1682502174620_2515" custom="readingOrder {index:0;}">
          <Coords points="1085,2904 1157,2904 1157,2954 1085,2954"/>
          <TextEquiv>
            <Unicode>Ee</Unicode>
          </TextEquiv>
        </Word>
        <Word id="word_1682502174620_2514" custom="readingOrder {index:1;}">
          <Coords points="1157,2904 1200,2904 1200,2954 1157,2954"/>
          <TextEquiv>
            <Unicode>2</Unicode>
          </TextEquiv>
        </Word>
        <TextEquiv>
          <Unicode>Ee 2</Unicode>
        </TextEquiv>
      </TextLine>
      <TextEquiv>
        <Unicode>Ee 2</Unicode>
      </TextEquiv>
    </TextRegion>
    <TextRegion type="catch-word" id="region_1682502168648_2504" custom="readingOrder {index:14;} structure {type:catch-word;}">
      <Coords points="1751,2913 1751,2967 1992,2967 1992,2913"/>
      <TextLine id="line_1682502168778_2507" custom="readingOrder {index:0;}">
        <Coords points="1751,2913 1751,2967 1992,2967 1992,2913"/>
        <Word id="word_1682502257391_2565" custom="readingOrder {index:0;}">
          <Coords points="1751,2913 1879,2913 1879,2967 1751,2967"/>
          <TextEquiv>
            <Unicode>ART.</Unicode>
          </TextEquiv>
        </Word>
        <Word id="word_1682502257390_2564" custom="readingOrder {index:1;}">
          <Coords points="1879,2913 1992,2913 1992,2967 1879,2967"/>
          <TextEquiv>
            <Unicode>XCI.</Unicode>
          </TextEquiv>
        </Word>
        <TextEquiv>
          <Unicode>ART. XCI.</Unicode>
        </TextEquiv>
      </TextLine>
      <TextEquiv>
        <Unicode>ART. XCI.</Unicode>
      </TextEquiv>
    </TextRegion>
  </Page>
</PcGts>
