1564 2381
153 389 252 418 autem
274 386 318 416 ita
337 382 368 415 ſe
384 379 549 423 gerebant,
581 384 613 411 ut
627 376 676 411 ſua
691 377 814 410 conſilia
827 377 938 419 optimo
955 375 1057 416 cuique

152 429 376 466 probarentur,
398 425 556 468 optimates
577 422 774 457 habebantur.
817 421 897 458 Quis
910 430 987 460 ergo
1002 418 1057 451 iſte

155 473 291 510 optimus
311 469 459 510 quiſque?
483 462 598 506 Quis?
610 468 657 500 De
673 474 801 500 numero
821 464 843 493 ſi
860 473 989 504 quæris:
1014 461 1058 492 in-

153 511 370 544 numerabiles.
424 505 534 548 Neque
561 506 644 537 enim
674 506 761 536 aliter
781 504 863 547 ſtare
890 504 1058 542 poſſemus.

155 555 233 590 Sunt
254 556 405 600 principes
420 552 530 594 conſilii
550 551 681 596 publici;
714 551 797 587 ſunt,
829 549 882 589 qui
898 556 1001 579 eorum
1011 547 1061 589 ſe-

154 597 232 633 ctam
235 598 430 641 ſequuntur;
454 589 523 629 ſunt
537 595 742 627 maximorum
751 593 894 624 ordinum
902 590 1058 626 homines,

156 648 268 688 quibus
285 649 369 685 patet
391 643 492 683 curia;
522 642 592 675 ſunt
605 640 806 682 municipales
819 637 983 682 ruſticique
996 637 1061 669 Ro-

155 687 256 722 mani;
287 682 355 715 ſunt
374 683 501 723 negotia
524 685 687 723 gerentes;
719 680 789 711 ſunt
809 680 902 712 etiam
922 677 1061 709 libertini

157 727 333 768 optimates.
376 724 550 763 Numerus,
579 730 614 756 ut
635 721 712 760 dixi,
737 722 831 752 huius
856 721 979 759 generis
1000 719 1061 749 late

158 774 196 807 &
212 771 297 804 varie
314 767 444 813 diffuſus
465 770 526 813 eſt;
558 768 606 799 ſed
622 775 722 804 genus
738 765 914 805 univerſum
932 764 986 802 (ut
1000 763 1063 794 tol-

155 813 238 845 latur
250 806 358 853 error)
366 810 451 843 brevi
464 808 664 851 circumſcribi
675 809 708 840 &
721 805 843 840 definiri
852 804 960 846 poteſt.
989 806 1062 838 Om-

155 866 210 888 nes
230 857 395 897 optimates
407 854 492 892 ſunt,
516 853 570 893 qui
583 860 683 892 neque
698 858 845 883 nocenres
862 850 930 881 ſunt
944 858 1000 879 nec
1011 859 1064 879 na-

156 902 226 930 tura
247 898 382 938 improbi
405 906 464 928 nec
482 896 592 928 furioſi
615 904 674 925 nec
687 894 780 925 malis
792 890 957 932 domeſticis
969 890 1063 931 impe-

157 941 223 977 diti.
268 943 341 976 Eſto
358 940 464 981 igitur,
487 945 524 972 ut
537 939 571 971 hi
583 938 650 975 ſint,
675 945 766 978 quam
785 939 822 966 tu
837 929 995 965 nationem
1011 940 1065 971 ap-

157 988 290 1028 pellaſti,
314 988 349 1020 &
369 985 423 1027 qui
440 985 554 1027 integri
574 983 645 1014 ſunt
656 982 688 1015 &
698 981 771 1023 ſani
786 981 821 1013 &
838 980 907 1012 bene
922 979 959 1012 de
973 979 1066 1011 rebus

158 1024 320 1070 domeſticis
336 1025 493 1068 conſtituti.
538 1024 662 1056 Horum
679 1022 732 1061 qui
750 1019 902 1052 voluntati
927 1025 1064 1049 commo-

158 1068 205 1100 dis
220 1067 364 1110 opinioni
381 1069 414 1097 in
434 1063 632 1106 gubernanda
652 1072 688 1094 re
706 1063 826 1103 publica
835 1061 990 1101 ſerviunt,
1014 1059 1065 1089 de-

158 1107 297 1143 ſenſores
313 1107 508 1149 optimatium
527 1104 643 1148 ipſique
661 1103 826 1144 optimates
848 1101 1014 1142 graviſſimi
1031 1101 1067 1133 &

158 1154 312 1188 clariſſimi
335 1153 419 1186 cives
445 1149 646 1183 nominantur
672 1148 707 1180 &
734 1146 892 1189 principes
916 1144 1066 1176 civitatis.

158 1195 219 1229 Pro
235 1193 357 1229 Sextio.
370 1201 396 1222 c.
405 1196 467 1232 45.

221 1240 250 1272 d.
271 1240 349 1272 Hæc
375 1238 419 1269 eſt
436 1247 499 1267 una
521 1235 587 1273 via,
608 1234 687 1267 mihi
706 1232 837 1272 credite,
869 1231 890 1263 &
907 1229 1007 1264 laudis
1032 1230 1068 1263 &

160 1275 320 1315 dignitutis
333 1276 366 1307 &
380 1275 524 1312 honoris,
547 1283 561 1302 a
570 1273 662 1303 bonis
677 1271 750 1303 viris
761 1270 946 1311 ſapientibus
957 1268 989 1299 &
998 1268 1067 1299 bene

156 1315 279 1354 natura
283 1312 462 1362 conſtitutis
476 1318 593 1349 laudari
611 1317 630 1347 &
657 1314 763 1355 diligi,
794 1313 879 1344 noſſe
893 1311 1067 1353 deſcriptio-

162 1371 228 1393 nem
251 1361 383 1393 civitatis
418 1369 424 1389 a
444 1357 613 1389 maioribus
637 1357 747 1389 noſtris
766 1350 977 1394 ſapientiſſime
997 1346 1073 1384 con-

161 1405 309 1439 ſtitutam.
353 1403 419 1441 Qui
432 1410 505 1434 cum
519 1407 629 1439 regum
642 1398 824 1438 poteſtatem
833 1406 895 1429 non
911 1395 1068 1429 tuliſſent:

163 1444 206 1476 ita
236 1440 430 1485 magiſtratus
461 1449 581 1472 annuos
608 1441 800 1475 creaverunt,
838 1441 876 1466 ut
904 1435 1069 1469 conſilium

164 1490 287 1525 ſenatus
304 1489 350 1521 rei
366 1488 497 1531 publicæ
511 1490 726 1529 præponerent
737 1481 972 1524 ſempiternum,
995 1482 1071 1514 deli-

163 1537 314 1572 gerentur
329 1537 434 1564 autem
452 1531 483 1562 in
501 1530 530 1563 id
550 1527 709 1562 conſilium
725 1526 761 1558 ab
776 1522 920 1557 univerſo
939 1522 1067 1565 populo,

166 1577 328 1618 aditusque
343 1574 376 1607 in
384 1572 474 1609 illum
483 1571 636 1605 ſummum
652 1569 792 1603 ordinem
802 1566 943 1601 omnium
956 1566 1073 1599 civium

166 1621 323 1655 induſtriæ
347 1631 383 1653 ac
407 1618 518 1652 virtuti
543 1621 668 1659 pateret.
714 1613 861 1648 Senatum
879 1611 924 1643 rei
941 1612 1073 1653 publicæ

167 1663 324 1695 cuſtodem
346 1658 503 1703 præſidem
531 1658 794 1698 propugnatorem
820 1653 1071 1690 collocaverunt;

166 1701 262 1733 huius
275 1702 391 1733 ordinis
401 1700 586 1732 auctoritate
600 1700 646 1727 uti
662 1693 866 1737 magiſtratus,
879 1691 912 1723 &
928 1695 1013 1734 quaſi
1020 1697 1072 1724 mi-

167 1744 275 1787 niſtros
285 1740 454 1785 graviſſimi
470 1741 582 1787 conſilii
594 1739 652 1772 eſſe
665 1738 850 1775 voluerunt;
874 1734 1012 1769 ſenatum
1023 1745 1074 1765 au-

167 1792 231 1817 tem
251 1785 348 1827 ipſum
369 1787 585 1826 proximorum
612 1782 754 1814 ordinum
774 1777 935 1820 ſplendore
959 1779 1075 1810 confir-

168 1826 264 1867 mari,
289 1827 384 1869 plebis
404 1827 576 1860 libertatem
595 1826 628 1857 &
642 1822 806 1856 commoda
823 1821 903 1852 tueri
915 1823 1007 1862 atque
1024 1829 1074 1849 au-

169 1882 241 1914 gere
265 1872 441 1908 voluerunt.
484 1872 562 1904 Hæc
581 1870 634 1912 qui
655 1878 714 1910 pro
745 1866 829 1901 virili
852 1873 942 1908 parte
969 1865 1075 1897 defen-

169 1917 264 1955 dunt,
302 1916 469 1957 optimates
496 1914 583 1950 ſunt,
620 1910 842 1952 cuiuſcumque
865 1908 923 1943 ſint
948 1909 1078 1941 ordinis.

170 1954 234 1992 Qui
250 1959 355 1987 autem
371 1955 520 1994 præcipue
532 1953 602 1991 ſuis
622 1949 786 1982 cervicibus
798 1951 885 1979 tanta
905 1949 1009 1978 munia
1028 1950 1079 1975 at-

171 2010 227 2041 que
240 2014 304 2037 rem
314 2003 468 2045 publicam
476 2000 632 2045 ſuſtinent,
645 2001 668 2031 ii
683 2000 799 2039 ſemper
815 1996 911 2031 habiti
923 1998 993 2029 ſunt
1002 1995 1080 2035 opti-

172 2043 300 2075 matium
324 2041 496 2083 principes,
525 2037 663 2072 auctores
681 2036 718 2071 &
731 2034 953 2075 conſervatores
973 2035 1080 2065 civita-

173 2082 223 2116 tis.
266 2083 350 2118 Huic
374 2082 539 2114 hominum
564 2077 675 2118 generi
695 2073 796 2109 fateor
814 2077 931 2107 multus
945 2075 1089 2107 adverſa-
