2606 3167
898 650 994 695 1882

1139 649 1206 695 De
1223 647 1358 696 Redit.
1358 648 1517 698 Eccleſ.
1531 663 1585 697 ex
1602 651 1740 699 alieno
1757 653 1885 700 territ.
1909 655 2019 702 inter

953 743 1065 783 LXX.
1078 742 1157 781 Non
1167 741 1233 791 agi
1248 741 1306 782 hic
1324 744 1370 783 de
1386 745 1487 784 bonis
1505 758 1563 785 re-

900 793 1078 845 ditibusq;
1090 793 1347 842 Eccleſiaſticis
1365 797 1485 849 uſibus
1502 800 1561 851 ſa-

898 841 976 881 eris
986 842 1105 883 adhuc
1115 843 1396 891 conſecrandis,
1405 847 1479 900 ſed
1483 840 1562 897 jam

900 894 1140 937 conſecratis.
1148 898 1364 939 Dominium
1375 911 1461 951 quod
1477 913 1556 945 pri-

898 961 1012 990 vatus
1028 953 1067 990 in
1087 951 1198 993 rebus
1204 953 1291 1006 ſuis
1305 953 1425 1003 habet,
1445 957 1563 996 terri-

898 1008 991 1045 torii
1005 1006 1213 1054 Dominus,
1232 1010 1274 1049 vi
1290 1009 1447 1051 dominii
1461 1014 1558 1054 Emi-

898 1056 1051 1100 nentis,
1079 1057 1198 1098 eidem
1217 1059 1472 1102 intervertere
1491 1076 1561 1102 non

894 1112 1017 1164 poteſt.
1051 1117 1153 1156 Bona
1180 1117 1219 1155 in
1246 1119 1459 1159 territoriis
1473 1121 1556 1160 Sta-

892 1179 1000 1209 tuum
1017 1172 1105 1222 Imp.
1127 1169 1221 1218 ſita,
1243 1184 1314 1210 non
1321 1172 1475 1226 ſemper
1490 1177 1556 1217 Eo-

895 1224 1053 1265 rundem
1093 1226 1354 1276 jurisdictioni
1397 1229 1560 1283 ſubjecta

881 1281 986 1333 ſunt.

943 1334 1075 1378 LXXI.
1108 1335 1220 1376 Locus
1229 1333 1417 1384 Forſtneri
1424 1339 1470 1378 ab
1479 1338 1557 1381 Ad-

892 1382 1060 1431 verſario
1088 1385 1142 1436 (9)
1153 1386 1420 1437 allegatus,non
1429 1388 1475 1428 de
1484 1389 1556 1442 diſ

877 1436 1107 1492 ſenſionibus
1125 1441 1289 1494 ipſorum
1307 1442 1557 1498 Proteſtuntiü

1586 747 1713 795 circa
1729 748 1819 787 bona
1828 747 2080 802 Eccleſiaſtica,
2087 752 2155 803 ſed
2161 754 2205 792 de
2217 754 2272 793 ri-

1585 793 1674 850 xis
1690 800 1874 838 nonnullis
1892 801 1994 841 circa
2007 796 2139 841 titulos
2154 803 2272 842 alias-

1608 863 1683 902 que
1697 856 1923 894 ceremonias
1941 855 2121 908 loquitur.
2167 860 2270 899 Lites

1611 907 1715 948 inter
1744 909 2001 951 Proteſtantes
2021 911 2146 963 ſuper
2168 913 2271 953 bonis

1611 956 1867 1013 Eccleſiaſticis
1881 971 1995 1011 motæ,
2014 976 2082 1004 non
2098 978 2145 1004 ex
2161 966 2271 1017 cauſa

1609 1014 1810 1066 religionis
1830 1029 1904 1069 qua
1920 1018 1985 1058 tali
1995 1022 2272 1072 profluxerunt,

1608 1066 1771 1119 adeoque
1788 1068 1858 1108 huc
1874 1080 1944 1108 non
1956 1072 2163 1121 pertinent.

1658 1124 1854 1167 LXXII.A
1870 1126 1966 1172 Jure
1981 1124 2211 1179 reformandi
2220 1127 2273 1168 ad

1598 1170 1835 1232 poſſeſſionem
1860 1166 2034 1220 bonorum
2050 1176 2269 1231 Eccleſiaſti-

1606 1237 1733 1267 corum
1772 1226 1947 1270 invalida
1973 1231 2261 1286 argumentatio.

1605 1282 1707 1332 Juri
1715 1283 1946 1338 reformandi
1957 1288 2057 1328 inter
2071 1283 2265 1345 Proteſtan-

1604 1344 1658 1373 tes
1671 1330 1930 1390 Imp.Ordines
1938 1350 1988 1379 an
1998 1339 2185 1380 terminus
2203 1339 2266 1392 An-

1605 1391 1646 1431 ni
1662 1397 1762 1440 1624.
1784 1409 1804 1433 1.
1815 1395 1984 1443 Januar.
2004 1404 2185 1448 tanquam
2202 1410 2264 1439 re-

1596 1446 1695 1498 gula
1707 1449 1965 1503 præſcriptus.

1531 1563 1615 1589 LX.

888 1604 986 1726 Q

986 1604 1182 1659 Uanquam
1199 1618 1295 1646 vero
1311 1609 1444 1650 multis
1463 1611 1617 1652 fortaſſe
1636 1623 1767 1665 operæ
1784 1611 1953 1667 pretium
1970 1616 2132 1659 minime
2148 1616 2258 1661 vide-

1005 1660 1134 1708 bitur,
1164 1672 1208 1701 ut
1227 1661 1276 1701 de
1295 1665 1552 1708 convellenda
1573 1666 1737 1709 ulterius
1762 1670 1954 1712 contraria
1972 1671 2160 1715 ſententia
2179 1685 2258 1714 ma-

888 1730 1054 1764 gnopere
1074 1726 1313 1768 laboremus,
1328 1730 1441 1766 quam
1456 1730 1518 1763 tot
1532 1728 1714 1768 nimirum
1734 1726 1805 1773 jam
1822 1730 1911 1763 telis
1933 1728 2142 1764 confoſſam
2161 1732 2258 1761 con-

884 1767 1125 1819 futatamque
1147 1767 1210 1808 ſua
1226 1768 1366 1823 ſponte
1398 1784 1583 1813 corruere
1606 1776 1801 1817 neceſſum
1818 1779 1890 1821 ſit;
1920 1790 2087 1819 attamen
2102 1791 2154 1818 ne
2167 1789 2257 1832 par-

884 1816 987 1854 tibus
1006 1817 1145 1856 noſtris
1162 1817 1245 1855 ullo
1264 1822 1386 1860 modo
1403 1822 1577 1866 defuiſſe,
1599 1834 1664 1860 aut
1678 1826 1889 1879 quicquam
1906 1826 2017 1875 quod
2035 1826 2081 1865 ad
2098 1826 2254 1871 firman-

883 1869 969 1906 dam
988 1880 1071 1907 non
1086 1871 1216 1908 minus
1236 1873 1431 1916 noſtram,
1461 1883 1579 1923 quam
1592 1876 1802 1917 manifeſtæ
1831 1877 1947 1917 etiam
1968 1878 2137 1921 falſitatis
2158 1892 2255 1922 con-

880 1923 1111 1965 vincendam
1129 1927 1349 1969 Adverſarii
1366 1928 1620 1976 ſententiam,
1641 1933 1840 1973 pertinere
1858 1942 1994 1985 queat,
2018 1946 2167 1978 temere
2187 1950 2256 1978 ne-

879 1977 1061 2026 glexiſſe,
1089 1978 1169 2024 jure
1189 1978 1414 2032 meritoque
1440 1979 1547 2032 argui
1565 1972 1776 2035 poſſimus,
1807 1983 1900 2025 ideo
1920 1985 2036 2042 ſparſa
2050 1987 2142 2030 hinc
2158 1989 2254 2032 inde

878 2044 950 2071 per
966 2043 1088 2073 totam
1096 2034 1414 2077 Diſſertationem
1426 2036 1465 2078 &
1477 2039 1588 2091 ſupra
1596 2039 1716 2083 Sect.
1693 2032 1717 2096 I.
1725 2037 1921 2095 propoſita
1938 2053 2163 2098 argumenta
2171 2045 2253 2087 hoc

878 2077 969 2127 loco
989 2084 1228 2134 examinare,
1248 2088 1287 2127 &
1308 2101 1353 2129 ut
1369 2088 1476 2131 omni
1496 2101 1694 2133 armorum
1711 2090 1854 2136 robore
1867 2094 2119 2150 Antagoniſta
2137 2110 2253 2140 exua-

878 2155 952 2187 tur,
971 2143 1150 2185 refellere
1170 2144 1426 2187 decrevimus.
1466 2146 1554 2204 Qua
1568 2146 1608 2188 in
1624 2159 1665 2188 re
1685 2159 1813 2193 tamen
1829 2166 1879 2193 ne
1896 2145 1995 2204 juſto
2014 2154 2250 2210 prolixiores

875 2198 1012 2243 ſimus,
1030 2198 1072 2239 in
1092 2199 1132 2241 id
1150 2199 1283 2242 ſedulo
1302 2199 1601 2249 incumbemus,
1628 2215 1673 2244 ut
1686 2203 1870 2260 neglectis
1889 2220 1956 2250 aut
1973 2210 2103 2252 obiter
2117 2210 2251 2253 ſaltem

877 2249 996 2295 tactis,
1018 2262 1101 2303 quæ
1118 2250 1165 2291 ad
1186 2264 1264 2293 rem
1282 2266 1363 2294 non
1382 2254 1479 2296 adeo
1498 2256 1709 2312 pertinere,
1719 2271 1784 2300 aut
1799 2272 1906 2302 certe
1925 2273 2008 2302 non
2022 2262 2151 2315 magni
2167 2275 2252 2304 mo-

876 2303 999 2345 menti
1023 2302 1095 2345 eſſe
1114 2304 1255 2360 (qualia
1272 2305 1434 2362 quidem
1452 2321 1672 2352 occurrunt
1688 2311 1880 2370 plurima)
1895 2316 2154 2366 videbuntur,
2174 2319 2251 2361 illis

875 2360 1042 2400 maxime
1056 2360 1317 2408 inhæreamus,
1333 2363 1371 2401 in
1389 2364 1532 2419 quibus
1550 2366 1790 2420 potiſſimum
1808 2369 1927 2411 cauſæ
1944 2370 2017 2413 ſuæ
2033 2373 2251 2426 præſidium

874 2424 1023 2469 ponere
1042 2414 1198 2458 videtur
1212 2418 1478 2467 Adverſarius,
1499 2419 1537 2459 &
1554 2432 1638 2472 quæ
1657 2433 1734 2475 præ
1753 2424 1911 2466 cœteris
1928 2424 2035 2468 forte
2052 2426 2251 2481 glaucoma

872 2469 1163 2514 imperitiorum
1180 2470 1306 2508 oculis
1324 2471 1543 2516 obducere,
1564 2471 1784 2526 iisdemque
1799 2474 1937 2517 fucum
1951 2473 2080 2520 facere
2096 2474 2250 2521 facilius

871 2541 1061 2577 poterant.

2153 2654 2248 2685 LXI
