2388 2887
1336 372 1430 423 340

682 434 968 497 Anfoderung
996 437 1230 500 angienge/
1257 443 1305 499 iſt
1323 444 1449 502 ſelbte
1489 446 1815 502 unbenommen.
1845 449 1998 502 Reſcr.
2018 451 2078 510 de

686 508 790 544 ann.
815 500 937 553 1708.
953 499 992 544 d.
1013 512 1069 553 17.
1095 500 1346 561 Septembr.

767 551 839 610 Jn
852 551 1079 610 folgenden
1099 555 1265 602 caſibus
1283 561 1332 613 iſt
1342 560 1387 609 in
1402 559 1626 619 Boͤheimb
1640 562 1729 612 und
1743 564 1945 622 Maͤhren
1962 564 2078 618 keine

684 614 878 660 reviſion
887 614 1159 672 verſtattſich.
1170 618 1295 667 1mò.
1306 618 1628 678 JnPeinlichen
1638 624 1726 671 eine
1737 622 2086 686 Lebens⸗Straff

681 672 786 723 nach
800 667 881 737 ſich
903 669 1131 738 ziehenden
1153 668 1343 735 Sachen.
1371 676 1473 724 2dò.
1496 679 1605 731 Von
1628 680 1761 731 denen
1792 682 1881 729 kein
1912 685 2076 742 irrepa-

682 729 827 774 rabile
843 729 1056 776 damnum
1068 733 1174 783 nach
1186 732 1263 787 ſich
1276 732 1495 792 ziehenden
1507 732 1799 797 Beyurtheln.
1835 752 1871 790 3.
1883 740 1994 791 Von
2003 746 2076 794 der

683 785 958 835 Execution.
1014 802 1059 843 4.
1080 790 1190 840 Von
1215 792 1485 849 erſtandenen
1501 793 1655 853 Recht.
1745 810 1791 854 5.
1811 796 1884 842 Ab
1909 799 2073 846 inſtru-

679 842 846 886 mentis
857 843 1216 902 guarantigiatis.
1276 852 1297 892 6.
1309 848 1417 901 Der
1420 846 1492 909 die
1505 851 1707 902 reviſion
1723 848 1945 912 innerhalb
1957 861 2071 911 zwey

676 906 930 962 Monathen
956 905 1318 969 nichteingefuͤhrt
1345 913 1445 963 oder
1514 928 1554 968 7.
1581 917 1700 971 Sich
1732 917 1941 973 derſelben
1960 929 2075 971 quo-

678 957 921 1018 quômodô
946 961 1176 1024 verziehen.
1261 974 1298 1015 8.
1317 967 1468 1020 Wann
1505 968 1571 1020 die
1593 969 1721 1028 Sach
1748 984 1836 1025 300.
1864 964 1967 1037 Sch.
1991 964 2069 1030 Gr.

674 1025 849 1088 Boͤhm:
871 1031 984 1084 nicht
1003 1031 1209 1083 betraget.
1282 1050 1326 1094 9.
1346 1035 1610 1087 VonCridæ
1631 1040 1831 1098 Urtheln.
1887 1056 1942 1085 10.
1955 1036 1983 1083 à
1983 1036 2074 1086 co-

676 1081 888 1127 gnitione
908 1079 1036 1140 ſuper
1051 1074 1310 1141 poſſeſſorio
1331 1094 1672 1133 momentaneo.
1736 1105 1791 1137 11.
1813 1091 1839 1136 à
1861 1089 2070 1140 Decretis

665 1132 951 1198 ſuperiorum
961 1140 1276 1187 Inſtantiarum
1288 1144 1406 1189 merè
1415 1147 1722 1196 correctoriis.
1787 1163 1851 1193 12.
1862 1151 1933 1196 Ab
1951 1151 2070 1209 inju-

669 1200 749 1238 riis
759 1195 1037 1250 verbalibus,
1050 1195 1131 1241 niſi
1142 1206 1334 1256 tangant
1349 1197 1676 1247 honoratiores
1687 1202 1911 1261 perſonas.
1995 1216 2066 1259 13.

667 1255 887 1305 Recurſus
902 1262 974 1318 von
996 1258 1127 1309 denen
1142 1257 1320 1320 Koͤnigl.
1344 1261 1555 1311 reſolutis
1573 1264 1713 1322 haben
1732 1267 1832 1325 bloß
1853 1267 1934 1320 den
1965 1268 2067 1318 effe-

670 1317 787 1363 ctum
808 1315 1123 1365 devolutivum
1152 1321 1264 1377 nicht
1287 1322 1599 1379 ſuſpenſivum.
1690 1337 1748 1381 14.
1771 1325 1796 1371 à
1815 1327 2065 1377 Sententiis

667 1373 897 1422 Proceſſûs
908 1376 1221 1435 liquidatorii,
1234 1379 1287 1423 ùt
1295 1380 1437 1437 ſuprà.
1500 1390 1564 1434 15.
1592 1382 1609 1425 à
1612 1383 1794 1431 duabus
1824 1385 2062 1436 ſententiis

665 1429 1023 1478 conformibus.
1064 1438 1129 1478 16.
1147 1436 1171 1476 à
1189 1435 1324 1479 cauſis
1348 1437 1654 1484 œconomicis
1675 1440 1869 1497 zwiſchen
1890 1443 2059 1499 Obrig⸗

667 1488 800 1539 keiten
827 1489 918 1537 und
948 1490 1236 1548 wuͤrtſchaffts
1258 1491 1542 1546 Beambten/
1575 1497 1702 1547 deren
1725 1501 1840 1551 erſte
1860 1499 2058 1564 Jnſtantz

662 1546 779 1604 nicht
800 1548 872 1600 der
892 1546 1206 1609 Buchhalter/
1217 1552 1394 1606 ſondern
1417 1555 1484 1607 die
1507 1556 1741 1613 Obrigkeit
1766 1560 1973 1612 ſelbſten/
1996 1563 2060 1607 ſe-

660 1603 807 1651 cunda
826 1604 1039 1654 inſtantia
1057 1608 1160 1658 aber
1181 1608 1243 1660 die
1262 1604 1444 1669 Koͤnigl.
1472 1609 1772 1672 Appellation
1790 1617 1850 1669 iſt.
1877 1628 1939 1667 17.
1970 1620 2057 1663 Re-

661 1661 811 1708 curſus
834 1665 914 1712 mit
930 1664 1227 1727 præteriruug
1247 1665 1319 1717 der
1336 1670 1464 1729 erſten
1479 1667 1674 1734 Jnſtantz
1691 1665 1741 1728 iſt
1752 1673 1953 1734 allemahl
1968 1675 2057 1730 flei-

659 1721 718 1783 ſig
735 1732 785 1781 zu
798 1724 1063 1784 verhindern.
1094 1728 1218 1779 Reſc.
1243 1729 1296 1774 de
1314 1743 1418 1776 ann.
1440 1744 1551 1787 1734.
1568 1731 1602 1777 d.
1614 1746 1682 1788 25.
1694 1734 1901 1784 Februar.
1962 1737 2053 1792 Ein

658 1786 840 1844 gleiches
857 1789 903 1840 iſt
950 1782 997 1840 an
999 1787 1219 1840 Schleſien
1241 1802 1455 1851 ergangen
1484 1797 1545 1840 vi.
1572 1787 1676 1840 Reſc.
1698 1795 1751 1840 de
1761 1809 1865 1840 ann.
1875 1808 1992 1840 1734.
2006 1796 2053 1840 d.

662 1875 723 1908 12.
735 1861 860 1912 Julii.

1243 1847 1506 1943 Richter.

709 1924 1001 1983 Denenſelben
1018 1928 1112 1986 ſolle
1125 1921 1325 1982 niemand
1337 1933 1415 1989 bey
1429 1933 1753 1998 Hals⸗Verluſt
1786 1942 1852 1992 mit
1888 1922 2047 2001 Gewalt

649 1996 952 2054 widerſtreben.
1004 1998 1324 2057 Stadt⸗Recht
1334 2004 1395 2050 N.
1410 2014 1469 2057 17.

707 2046 903 2090 Dieſelbe
916 2042 1040 2089 ſollen
1052 2045 1135 2083 das
1146 2046 1281 2092 Haab
1296 2050 1371 2086 des
1389 2050 1480 2093 zum
1495 2043 1599 2093 Tod
1619 2029 1940 2099 verurtheillten
1956 2040 2036 2107 ſich

645 2109 756 2170 nicht
779 2108 1033 2175 zueignen.
1051 2121 1209 2169 Stadt
1232 2122 1434 2173 Recht
1394 2115 1436 2167 T.
1450 2139 1507 2166 11.

706 2166 787 2196 Da
799 2166 871 2197 der
880 2161 1132 2200 Ubelthaͤter
1140 2166 1280 2200 etwas
1291 2167 1387 2209 auff
1392 2155 1777 2212 derRicht⸗Stadt
1787 2144 2065 2220 wiederruf⸗

646 2219 738 2277 fet/
741 2223 835 2271 ſolle
851 2231 897 2272 es
911 2225 983 2275 der
994 2222 1174 2281 Richter
1186 2229 1461 2286 verzeichnen:
1519 2229 1833 2291 Stadt⸗Recht
1843 2234 1941 2294 T.9.

702 2272 903 2330 Derſelbe
912 2284 1135 2330 vertrettet
1153 2283 1192 2323 in
1207 2284 1505 2342 inquiſitione
1524 2286 1591 2338 die
1602 2283 1746 2338 Stelle
1769 2287 1882 2343 nicht
1899 2280 2030 2343 allein

639 2342 760 2390 eines
775 2340 1007 2394 Richters/
1018 2341 1194 2392 ſondern
1206 2345 1312 2396 auch
1325 2342 1516 2396 Klaͤgers
1525 2340 1614 2396 und
1628 2343 1859 2396 beklagten.
1927 2347 2092 2396 Joſ:

635 2396 789 2472 Peinl.
816 2400 935 2467 Hals.
961 2407 1046 2462 Ger.
1083 2412 1179 2465 Ord.
1198 2418 1276 2458 art.
1304 2423 1326 2462 1.
1394 2420 1675 2458 §.2.

1878 2414 2027 2477 Der⸗
