<?xml version='1.0' encoding='utf-8'?>
<PcGts xmlns="http://schema.primaresearch.org/PAGE/gts/pagecontent/2019-07-15" xmlns:xsi="http://www.w3.org/2001/XMLSchema-instance" pcGtsId="PAGE_01" xsi:schemaLocation="http://schema.primaresearch.org/PAGE/gts/pagecontent/2019-07-15 http://schema.primaresearch.org/PAGE/gts/pagecontent/2019-07-15/pagecontent.xsd">
  <Metadata>
    <Creator>OCR-D DFG Phase III</Creator>
    <Created>2024-01-19T13:09:36Z</Created>
    <LastChange>2024-01-19T13:09:36Z</LastChange>
    <Comments>ODEM: OCR-D extension for mass digitization (2021-2024)</Comments>
  </Metadata>
  <Page imageFilename="MAX/urn+nbn+de+gbv+3+1-733956-p0325-5_lat+ger.png" imageWidth="1676" imageHeight="2582" type="content" secondaryLanguage="German" primaryLanguage="Latin">
    <Border>
      <Coords points="164,469 1061,469 1061,2242 164,2242"/>
    </Border>
    <ReadingOrder>
      <OrderedGroup id="ro_1679317332362" caption="Regions reading order">
        <RegionRefIndexed index="0" regionRef="region0002"/>
      </OrderedGroup>
    </ReadingOrder>
    <TextRegion orientation="0.3372307" readingDirection="left-to-right" id="region0002" custom="readingOrder {index:0;}">
      <Coords points="169,529 1048,529 1048,2178 169,2178"/>
      <TextLine id="region0002_line0002" custom="readingOrder {index:0;}">
        <Coords points="338,544 328,556 319,557 274,558 269,551 256,549 249,552 244,561 239,554 228,553 222,555 218,563 169,563 169,607 260,606 277,601 357,603 389,602 395,599 406,599 411,602 604,598 633,602 806,604 832,609 1047,615 1047,566 952,566 912,558 879,556 790,559 775,558 774,554 766,549 731,550 717,558 698,556 697,552 691,549 675,549 670,553 661,545 647,547 643,556 628,557 543,557 536,556 534,550 525,544 515,545 510,556 501,545 487,546 482,555 473,545 448,545 440,555 369,556 363,546"/>
        <Baseline points="169,597 588,590 1047,604"/>
        <Word id="region0002_line0002_word0000" custom="readingOrder {index:0;}">
          <Coords points="250,552 249,552 244,561 239,554 228,553 222,555 218,563 176,563 176,595 422,594 422,555 369,556 366,551 332,551 328,556 319,557 274,558 269,552"/>
          <TextEquiv conf="0.83993363">
            <Unicode>evidentibus</Unicode>
          </TextEquiv>
        </Word>
        <Word id="region0002_line0002_word0001" custom="readingOrder {index:1;}">
          <Coords points="448,551 448,591 593,591 593,557 543,557 536,556 534,551 512,551 510,556 505,551 484,551 482,555 478,551"/>
          <TextEquiv conf="0.85923636">
            <Unicode>ibidem</Unicode>
          </TextEquiv>
        </Word>
        <Word id="region0002_line0002_word0002" custom="readingOrder {index:2;}">
          <Coords points="645,550 643,556 628,557 617,557 617,591 798,590 798,558 790,559 775,558 774,554 767,550 730,550 717,558 698,556 697,552 694,550 672,550 670,553 667,550"/>
          <TextEquiv conf="0.8961828">
            <Unicode>adductis.</Unicode>
          </TextEquiv>
        </Word>
        <Word id="region0002_line0002_word0003" custom="readingOrder {index:3;}">
          <Coords points="870,590 1032,589 1032,566 952,566 912,558 879,556 870,556"/>
          <TextEquiv conf="0.8847338">
            <Unicode>Manent</Unicode>
          </TextEquiv>
        </Word>
        <TextEquiv conf="0.87002164">
          <Unicode>evidentibus ibidem adductis. Manent</Unicode>
        </TextEquiv>
      </TextLine>
      <TextLine id="region0002_line0003" custom="readingOrder {index:1;}">
        <Coords points="395,600 388,603 387,608 320,607 308,606 303,602 277,602 265,608 236,613 169,616 170,658 322,654 329,650 345,653 470,652 476,649 492,649 498,652 524,654 617,651 625,659 638,651 653,655 731,655 746,656 747,661 755,664 770,661 772,655 821,652 832,657 861,659 1048,664 1047,619 959,618 766,608 650,610 634,616 623,611 620,602 604,599 574,600 556,606 512,608 414,608 413,604 406,600"/>
        <Baseline points="170,647 503,641 1048,653"/>
        <Word id="region0002_line0003_word0000" custom="readingOrder {index:0;}">
          <Coords points="175,622 218,622 219,648 176,648"/>
          <TextEquiv conf="0.8855194">
            <Unicode>ea</Unicode>
          </TextEquiv>
        </Word>
        <Word id="region0002_line0003_word0001" custom="readingOrder {index:1;}">
          <Coords points="265,608 265,608 243,612 244,646 368,645 367,608 336,607"/>
          <TextEquiv conf="0.89122194">
            <Unicode>adhuc</Unicode>
          </TextEquiv>
        </Word>
        <Word id="region0002_line0003_word0002" custom="readingOrder {index:2;}">
          <Coords points="394,606 395,653 470,652 476,649 492,649 498,652 500,652 611,651 617,651 617,651 635,651 634,616 634,616 623,611 621,604 560,605 556,606 512,608 414,608 413,606"/>
          <TextEquiv conf="0.68259585">
            <Unicode>inconcuſſa,</Unicode>
          </TextEquiv>
        </Word>
        <Word id="region0002_line0003_word0003" custom="readingOrder {index:3;}">
          <Coords points="687,613 814,612 815,652 688,653"/>
          <TextEquiv conf="0.9212352">
            <Unicode>neque</Unicode>
          </TextEquiv>
        </Word>
        <Word id="region0002_line0003_word0004" custom="readingOrder {index:4;}">
          <Coords points="839,615 840,643 1030,642 1029,618 959,618 895,614"/>
          <TextEquiv>
            <Unicode>mutamus</Unicode>
          </TextEquiv>
        </Word>
        <TextEquiv>
          <Unicode>ea adhuc inconcuſſa, neque mutamus</Unicode>
        </TextEquiv>
      </TextLine>
      <TextLine id="region0002_line0004" custom="readingOrder {index:2;}">
        <Coords points="329,651 322,655 321,660 218,662 200,658 170,659 169,710 351,705 357,702 517,706 626,704 638,701 654,705 662,703 677,714 686,712 688,705 699,705 737,706 739,713 755,715 760,712 761,706 788,703 803,707 896,708 1047,716 1048,671 987,669 974,661 831,662 830,657 824,654 811,653 800,656 795,662 755,665 748,662 654,659 651,654 645,652 635,653 626,660 617,652 600,651 588,655 586,660 535,659 505,657 492,650 476,650 465,657 451,658 348,660 347,655 342,652"/>
        <Baseline points="169,699 634,693 1047,705"/>
        <Word id="region0002_line0004_word0000" custom="readingOrder {index:0;}">
          <Coords points="175,659 175,701 401,700 401,658 348,660 347,658 321,658 321,660 218,662 203,658"/>
          <TextEquiv conf="0.9072255">
            <Unicode>ſententiam</Unicode>
          </TextEquiv>
        </Word>
        <Word id="region0002_line0004_word0001" custom="readingOrder {index:1;}">
          <Coords points="454,657 451,658 413,658 413,698 576,697 576,659 535,659 510,657"/>
          <TextEquiv conf="0.8988339">
            <Unicode>noſtram</Unicode>
          </TextEquiv>
        </Word>
        <Word id="region0002_line0004_word0002" custom="readingOrder {index:2;}">
          <Coords points="595,656 595,695 645,695 645,656 631,656 626,660 621,656"/>
          <TextEquiv conf="0.8714717">
            <Unicode>ibi</Unicode>
          </TextEquiv>
        </Word>
        <Word id="region0002_line0004_word0003" custom="readingOrder {index:3;}">
          <Coords points="802,655 800,656 795,662 755,665 748,662 669,659 669,706 688,706 688,705 699,705 728,706 765,706 788,703 797,705 914,705 914,661 831,662 830,657 827,655"/>
          <TextEquiv conf="0.8826561">
            <Unicode>propoſitam.</Unicode>
          </TextEquiv>
        </Word>
        <Word id="region0002_line0004_word0004" custom="readingOrder {index:4;}">
          <Coords points="941,695 1033,695 1033,670 987,669 974,661 941,661"/>
          <TextEquiv conf="0.725696">
            <Unicode>Hoc</Unicode>
          </TextEquiv>
        </Word>
        <TextEquiv conf="0.85717666">
          <Unicode>ſententiam noſtram ibi propoſitam. Hoc</Unicode>
        </TextEquiv>
      </TextLine>
      <TextLine id="region0002_line0005" custom="readingOrder {index:3;}">
        <Coords points="357,703 352,705 349,711 336,712 169,715 169,759 175,756 193,759 264,757 282,753 296,753 302,756 486,755 497,763 505,763 513,758 540,758 541,764 545,766 559,767 569,764 571,758 605,753 619,756 688,754 695,758 851,756 859,760 861,767 869,770 884,768 886,760 917,758 935,759 939,767 944,769 953,769 960,763 1047,767 1047,719 807,714 798,713 796,707 788,704 773,706 771,713 743,716 725,713 677,715 662,704 657,706 656,712 651,712 648,705 638,702 625,705 623,712 513,714 418,711 411,703 380,703 374,707 368,703"/>
        <Baseline points="169,749 637,745 1047,755"/>
        <Word id="region0002_line0005_word0000" custom="readingOrder {index:0;}">
          <Coords points="176,722 305,721 305,748 176,749"/>
          <TextEquiv conf="0.8193847">
            <Unicode>tamen</Unicode>
          </TextEquiv>
        </Word>
        <Word id="region0002_line0005_word0001" custom="readingOrder {index:1;}">
          <Coords points="350,708 349,711 336,712 324,712 324,754 512,753 512,713 418,711 415,708"/>
          <TextEquiv conf="0.8822749">
            <Unicode>addimus,</Unicode>
          </TextEquiv>
        </Word>
        <Word id="region0002_line0005_word0002" custom="readingOrder {index:2;}">
          <Coords points="643,706 624,706 623,712 536,713 536,758 573,757 605,753 619,756 643,755"/>
          <TextEquiv conf="0.90244555">
            <Unicode>quod</Unicode>
          </TextEquiv>
        </Word>
        <Word id="region0002_line0005_word0003" custom="readingOrder {index:3;}">
          <Coords points="777,705 773,706 771,713 743,716 725,713 677,715 665,706 665,745 858,744 858,715 807,714 798,713 796,707 791,705"/>
          <TextEquiv conf="0.87845594">
            <Unicode>interdum</Unicode>
          </TextEquiv>
        </Word>
        <Word id="region0002_line0005_word0004" custom="readingOrder {index:4;}">
          <Coords points="868,718 868,756 1030,755 1030,718 969,717"/>
          <TextEquiv conf="0.91872704">
            <Unicode>propter</Unicode>
          </TextEquiv>
        </Word>
        <TextEquiv conf="0.8802576">
          <Unicode>tamen addimus, quod interdum propter</Unicode>
        </TextEquiv>
      </TextLine>
      <TextLine id="region0002_line0006" custom="readingOrder {index:4;}">
        <Coords points="282,754 272,758 268,764 196,765 194,760 187,757 170,759 170,818 178,819 192,808 210,811 281,810 282,815 290,819 297,819 301,812 309,807 350,807 355,810 465,809 490,806 499,809 504,816 514,819 533,818 540,811 566,809 799,807 807,810 944,814 963,811 974,819 982,811 994,815 1048,815 1047,770 960,767 944,770 938,767 935,760 922,759 911,761 908,767 869,771 859,767 858,760 851,757 839,757 834,760 833,765 776,765 703,764 697,763 691,756 677,755 671,757 669,763 623,764 621,757 605,754 592,758 588,765 550,768 542,765 491,764 486,756 470,756 462,765 435,765 426,755 407,755 395,756 390,759 389,764 383,764 381,758 371,755 358,757 356,764 304,764 303,757 299,755"/>
        <Baseline points="170,801 798,798 1048,805"/>
        <Word id="region0002_line0006_word0000" custom="readingOrder {index:0;}">
          <Coords points="175,763 176,813 185,813 192,808 210,811 254,810 254,764 196,765 195,763"/>
          <TextEquiv conf="0.9013724">
            <Unicode>jura</Unicode>
          </TextEquiv>
        </Word>
        <Word id="region0002_line0006_word0001" custom="readingOrder {index:1;}">
          <Coords points="273,761 273,810 281,810 281,814 299,814 301,812 309,807 350,807 355,810 445,809 445,765 435,765 430,760 389,760 389,764 383,764 381,760 356,760 356,764 304,764 303,760"/>
          <TextEquiv conf="0.8977288">
            <Unicode>ſpecialia</Unicode>
          </TextEquiv>
        </Word>
        <Word id="region0002_line0006_word0002" custom="readingOrder {index:2;}">
          <Coords points="473,762 473,807 490,806 499,809 501,813 538,813 540,811 566,809 575,808 575,766 550,768 542,765 491,764 489,762"/>
          <TextEquiv conf="0.9070709">
            <Unicode>leges</Unicode>
          </TextEquiv>
        </Word>
        <Word id="region0002_line0006_word0003" custom="readingOrder {index:3;}">
          <Coords points="592,761 593,801 894,799 893,768 869,771 859,767 858,760 856,759 835,759 834,760 833,765 776,765 703,764 697,763 694,760 669,760 669,763 623,764 622,760"/>
          <TextEquiv conf="0.5547433">
            <Unicode>ſundamentales</Unicode>
          </TextEquiv>
        </Word>
        <Word id="region0002_line0006_word0004" custom="readingOrder {index:4;}">
          <Coords points="911,761 911,761 910,763 911,798 947,797 946,770 944,770 938,767 935,760"/>
          <TextEquiv conf="0.9172687">
            <Unicode>&amp;</Unicode>
          </TextEquiv>
        </Word>
        <Word id="region0002_line0006_word0005" custom="readingOrder {index:5;}">
          <Coords points="967,772 1031,772 1032,809 968,809"/>
          <TextEquiv conf="0.9172687">
            <Unicode>pa-</Unicode>
          </TextEquiv>
        </Word>
        <TextEquiv conf="0.8492421">
          <Unicode>jura ſpecialia leges ſundamentales &amp; pa-</Unicode>
        </TextEquiv>
      </TextLine>
      <TextLine id="region0002_line0007" custom="readingOrder {index:5;}">
        <Coords points="192,809 178,820 170,819 170,865 265,864 272,861 304,863 312,860 619,862 632,858 656,857 666,862 674,862 675,867 682,870 697,870 702,867 703,862 726,860 766,863 918,866 1048,862 1048,821 995,821 993,815 983,812 975,820 963,812 956,814 954,820 945,820 812,815 809,811 799,808 785,808 775,815 761,817 585,817 583,811 566,810 561,813 560,818 514,820 502,816 499,810 490,807 478,807 473,810 472,816 356,816 355,811 350,808 335,808 329,816 320,816 318,810 309,808 305,809 297,820 290,820 284,817 215,818 207,810"/>
        <Baseline points="170,855 1048,854"/>
        <Word id="region0002_line0007_word0000" custom="readingOrder {index:0;}">
          <Coords points="181,817 178,820 176,819 176,857 233,857 233,817 215,818 214,817"/>
          <TextEquiv conf="0.90030533">
            <Unicode>cta</Unicode>
          </TextEquiv>
        </Word>
        <Word id="region0002_line0007_word0001" custom="readingOrder {index:1;}">
          <Coords points="300,816 297,820 290,820 284,817 256,817 256,856 440,855 440,816 356,816 356,815 329,816 329,816 320,816 320,816"/>
          <TextEquiv conf="0.90811676">
            <Unicode>celebrata</Unicode>
          </TextEquiv>
        </Word>
        <Word id="region0002_line0007_word0002" custom="readingOrder {index:2;}">
          <Coords points="472,813 472,816 470,816 470,855 654,854 654,817 585,817 583,813 560,813 560,818 514,820 502,816 500,813"/>
          <TextEquiv conf="0.8444769">
            <Unicode>dominus</Unicode>
          </TextEquiv>
        </Word>
        <Word id="region0002_line0007_word0003" custom="readingOrder {index:3;}">
          <Coords points="777,813 775,815 761,817 684,817 684,864 702,863 703,862 726,860 766,863 792,863 910,863 910,818 812,815 810,813"/>
          <TextEquiv conf="0.8823529">
            <Unicode>poteſtatem</Unicode>
          </TextEquiv>
        </Word>
        <Word id="region0002_line0007_word0004" custom="readingOrder {index:4;}">
          <Coords points="959,813 956,814 954,820 945,820 943,819 943,851 1031,851 1031,821 995,821 993,815 986,813 982,813 975,820 964,813"/>
          <TextEquiv conf="0.90782285">
            <Unicode>alie-</Unicode>
          </TextEquiv>
        </Word>
        <TextEquiv conf="0.88861495">
          <Unicode>cta celebrata dominus poteſtatem alie-</Unicode>
        </TextEquiv>
      </TextLine>
      <TextLine id="region0002_line0008" custom="readingOrder {index:6;}">
        <Coords points="644,858 626,860 616,868 607,869 386,869 375,868 369,861 356,861 351,863 349,868 332,869 328,869 327,864 322,861 312,861 303,864 301,869 294,862 272,862 264,865 262,870 256,871 169,872 169,918 246,918 269,914 326,916 348,912 361,915 493,912 501,915 557,917 559,922 571,925 582,922 585,916 631,913 650,909 659,914 677,911 687,920 700,916 733,916 746,913 774,916 1047,919 1048,863 1004,864 986,871 889,872 744,870 742,864 726,861 721,863 719,871 682,871 665,868 664,862 659,859"/>
        <Baseline points="169,908 1047,908"/>
        <Word id="region0002_line0008_word0000" custom="readingOrder {index:0;}">
          <Coords points="176,909 294,908 294,870 260,870 256,871 176,871"/>
          <TextEquiv conf="0.89193296">
            <Unicode>nandi</Unicode>
          </TextEquiv>
        </Word>
        <Word id="region0002_line0008_word0001" custom="readingOrder {index:1;}">
          <Coords points="309,868 309,907 448,906 448,869 386,869 375,868 375,868 349,868 349,868 332,869 328,869 328,868"/>
          <TextEquiv conf="0.9086937">
            <Unicode>habere</Unicode>
          </TextEquiv>
        </Word>
        <Word id="region0002_line0008_word0002" custom="readingOrder {index:2;}">
          <Coords points="464,879 546,879 546,907 464,907"/>
          <TextEquiv conf="0.9086937">
            <Unicode>non</Unicode>
          </TextEquiv>
        </Word>
        <Word id="region0002_line0008_word0003" custom="readingOrder {index:3;}">
          <Coords points="620,864 616,868 607,869 565,869 565,919 583,918 585,916 631,913 650,909 659,914 677,911 684,918 693,918 699,916 699,871 682,871 665,868 664,864"/>
          <TextEquiv conf="0.8704442">
            <Unicode>poſſit,</Unicode>
          </TextEquiv>
        </Word>
        <Word id="region0002_line0008_word0004" custom="readingOrder {index:4;}">
          <Coords points="726,866 726,904 776,903 776,870 744,870 742,865"/>
          <TextEquiv conf="0.8704442">
            <Unicode>ita</Unicode>
          </TextEquiv>
        </Word>
        <Word id="region0002_line0008_word0005" custom="readingOrder {index:5;}">
          <Coords points="794,875 918,875 918,904 794,904"/>
          <TextEquiv conf="0.8963649">
            <Unicode>tamen</Unicode>
          </TextEquiv>
        </Word>
        <Word id="region0002_line0008_word0006" custom="readingOrder {index:6;}">
          <Coords points="947,877 990,877 990,905 947,905"/>
          <TextEquiv conf="0.869811">
            <Unicode>ut</Unicode>
          </TextEquiv>
        </Word>
        <Word id="region0002_line0008_word0007" custom="readingOrder {index:7;}">
          <Coords points="1004,866 1032,866 1032,906 1004,906"/>
          <TextEquiv conf="0.869811">
            <Unicode>ſi</Unicode>
          </TextEquiv>
        </Word>
        <TextEquiv conf="0.88577443">
          <Unicode>nandi habere non poſſit, ita tamen ut ſi</Unicode>
        </TextEquiv>
      </TextLine>
      <TextLine id="region0002_line0009" custom="readingOrder {index:7;}">
        <Coords points="641,910 629,914 625,920 584,922 571,926 561,923 504,923 502,916 493,913 471,913 466,915 464,922 364,922 362,916 348,913 340,916 338,922 282,923 280,917 269,915 249,917 239,925 236,919 231,917 206,917 201,919 199,925 169,925 170,971 249,972 343,968 351,965 366,965 373,968 470,965 528,969 575,967 588,974 597,973 604,969 650,966 823,967 859,964 866,967 955,966 971,970 1048,972 1047,924 757,923 755,917 746,914 736,915 730,922 711,922 687,921 677,912 659,915 654,911"/>
        <Baseline points="169,961 888,956 1047,961"/>
        <Word id="region0002_line0009_word0000" custom="readingOrder {index:0;}">
          <Coords points="201,919 201,919 199,925 177,925 177,961 433,959 433,922 364,922 363,918 339,918 338,922 282,923 280,918 247,918 239,925 236,919 235,919"/>
          <TextEquiv conf="0.8936357">
            <Unicode>nihilominus</Unicode>
          </TextEquiv>
        </Word>
        <Word id="region0002_line0009_word0001" custom="readingOrder {index:1;}">
          <Coords points="465,917 464,922 452,922 452,965 603,964 603,921 584,922 571,926 561,923 504,923 502,917"/>
          <TextEquiv conf="0.87167245">
            <Unicode>alienet,</Unicode>
          </TextEquiv>
        </Word>
        <Word id="region0002_line0009_word0002" custom="readingOrder {index:2;}">
          <Coords points="629,914 629,914 628,916 628,956 811,955 811,923 757,923 755,917 746,914 736,915 730,922 711,922 687,921 679,914 666,914 659,915 658,914"/>
          <TextEquiv conf="0.8632212">
            <Unicode>feloniam</Unicode>
          </TextEquiv>
        </Word>
        <Word id="region0002_line0009_word0003" custom="readingOrder {index:3;}">
          <Coords points="833,929 913,929 913,954 833,954"/>
          <TextEquiv conf="0.9011355">
            <Unicode>non</Unicode>
          </TextEquiv>
        </Word>
        <Word id="region0002_line0009_word0004" custom="readingOrder {index:4;}">
          <Coords points="925,929 1033,928 1033,955 925,956"/>
          <TextEquiv conf="0.90921915">
            <Unicode>com-</Unicode>
          </TextEquiv>
        </Word>
        <TextEquiv conf="0.8877768">
          <Unicode>nihilominus alienet, feloniam non com-</Unicode>
        </TextEquiv>
      </TextLine>
      <TextLine id="region0002_line0010" custom="readingOrder {index:8;}">
        <Coords points="351,966 341,974 237,977 230,971 218,971 211,978 170,978 170,1024 298,1023 304,1027 313,1027 325,1019 343,1022 452,1020 471,1015 484,1018 526,1017 535,1020 606,1019 608,1025 617,1028 632,1025 634,1019 703,1016 834,1022 1048,1019 1048,982 963,976 962,970 955,967 942,967 937,969 935,976 916,976 913,969 908,967 893,968 888,973 875,973 859,965 841,966 833,973 825,973 819,966 802,966 796,968 792,974 752,975 679,972 588,975 575,968 560,969 556,975 479,974 477,969 470,966 443,966 439,969 438,974 416,975 414,969 408,967 392,967 388,969 386,975 376,975 375,970 369,967"/>
        <Baseline points="170,1014 1048,1010"/>
        <Word id="region0002_line0010_word0000" custom="readingOrder {index:0;}">
          <Coords points="212,977 211,978 176,978 176,1021 319,1020 319,976 257,976 237,977 237,977"/>
          <TextEquiv conf="0.9140186">
            <Unicode>mittat,</Unicode>
          </TextEquiv>
        </Word>
        <Word id="region0002_line0010_word0001" custom="readingOrder {index:1;}">
          <Coords points="345,973 345,1014 409,1014 409,973 386,973 386,975 376,975 375,973"/>
          <TextEquiv conf="0.9239447">
            <Unicode>ſed</Unicode>
          </TextEquiv>
        </Word>
        <Word id="region0002_line0010_word0002" custom="readingOrder {index:2;}">
          <Coords points="426,975 426,1013 604,1012 604,974 588,975 586,974 556,974 556,975 517,974"/>
          <TextEquiv conf="0.9130506">
            <Unicode>alienatio</Unicode>
          </TextEquiv>
        </Word>
        <Word id="region0002_line0010_word0003" custom="readingOrder {index:3;}">
          <Coords points="687,983 615,983 615,1022 633,1022 634,1019 687,1016"/>
          <TextEquiv conf="0.92631483">
            <Unicode>pro</Unicode>
          </TextEquiv>
        </Word>
        <Word id="region0002_line0010_word0004" custom="readingOrder {index:4;}">
          <Coords points="704,984 786,983 786,1010 704,1011"/>
          <TextEquiv conf="0.92857826">
            <Unicode>non</Unicode>
          </TextEquiv>
        </Word>
        <Word id="region0002_line0010_word0005" custom="readingOrder {index:5;}">
          <Coords points="796,972 796,1011 887,1011 887,973 875,973 873,972 834,972 833,973 825,973 824,972"/>
          <TextEquiv conf="0.9278722">
            <Unicode>facta</Unicode>
          </TextEquiv>
        </Word>
        <Word id="region0002_line0010_word0006" custom="readingOrder {index:6;}">
          <Coords points="896,971 896,1012 1033,1011 1033,980 963,976 962,970 936,970 935,976 916,976 913,970"/>
          <TextEquiv conf="0.907542">
            <Unicode>habea-</Unicode>
          </TextEquiv>
        </Word>
        <TextEquiv conf="0.9201887">
          <Unicode>mittat, ſed alienatio pro non facta habea-</Unicode>
        </TextEquiv>
      </TextLine>
      <TextLine id="region0002_line0011" custom="readingOrder {index:9;}">
        <Coords points="471,1016 444,1026 344,1027 343,1023 337,1020 325,1020 313,1028 170,1028 169,1075 199,1076 213,1072 236,1080 248,1080 254,1077 308,1070 349,1073 358,1070 381,1070 388,1073 594,1071 596,1076 606,1079 612,1078 617,1069 623,1066 642,1069 663,1067 669,1070 685,1067 706,1069 711,1072 766,1073 871,1074 886,1071 912,1075 974,1074 985,1071 1014,1073 1047,1070 1048,1034 1019,1031 1017,1022 1011,1020 994,1022 992,1029 935,1029 934,1024 929,1021 913,1021 909,1023 908,1029 901,1029 895,1021 881,1021 875,1028 821,1028 748,1026 731,1024 722,1017 703,1017 695,1024 642,1025 617,1029 609,1026 539,1026 536,1021 526,1018 484,1019"/>
        <Baseline points="169,1065 1047,1061"/>
        <Word id="region0002_line0011_word0000" custom="readingOrder {index:0;}">
          <Coords points="177,1036 253,1036 253,1071 177,1071"/>
          <TextEquiv conf="0.89149916">
            <Unicode>tur,</Unicode>
          </TextEquiv>
        </Word>
        <Word id="region0002_line0011_word0001" custom="readingOrder {index:1;}">
          <Coords points="277,1062 337,1062 337,1024 319,1024 313,1028 277,1028"/>
          <TextEquiv conf="0.92337805">
            <Unicode>vel</Unicode>
          </TextEquiv>
        </Word>
        <Word id="region0002_line0011_word0002" custom="readingOrder {index:2;}">
          <Coords points="356,1037 399,1037 399,1064 356,1064"/>
          <TextEquiv conf="0.91950357">
            <Unicode>ut</Unicode>
          </TextEquiv>
        </Word>
        <Word id="region0002_line0011_word0003" custom="readingOrder {index:3;}">
          <Coords points="450,1023 444,1026 410,1026 410,1064 551,1063 551,1026 539,1026 537,1023"/>
          <TextEquiv conf="0.8073414">
            <Unicode>vaſallis</Unicode>
          </TextEquiv>
        </Word>
        <Word id="region0002_line0011_word0004" custom="readingOrder {index:4;}">
          <Coords points="568,1037 587,1037 587,1061 568,1061"/>
          <TextEquiv conf="0.8997195">
            <Unicode>a</Unicode>
          </TextEquiv>
        </Word>
        <Word id="region0002_line0011_word0005" custom="readingOrder {index:5;}">
          <Coords points="697,1021 695,1024 642,1025 617,1029 609,1026 604,1026 604,1072 615,1071 617,1069 623,1066 642,1069 663,1067 669,1070 685,1067 706,1069 710,1071 790,1071 790,1027 748,1026 731,1024 727,1021"/>
          <TextEquiv conf="0.9155097">
            <Unicode>poteſtate</Unicode>
          </TextEquiv>
        </Word>
        <Word id="region0002_line0011_word0006" custom="readingOrder {index:6;}">
          <Coords points="799,1062 893,1062 893,1022 880,1022 875,1028 821,1028 799,1027"/>
          <TextEquiv conf="0.9123179">
            <Unicode>novi</Unicode>
          </TextEquiv>
        </Word>
        <Word id="region0002_line0011_word0007" custom="readingOrder {index:7;}">
          <Coords points="911,1021 909,1023 908,1029 905,1029 905,1061 1032,1060 1032,1032 1019,1031 1017,1022 1014,1021 1000,1021 994,1022 992,1029 935,1029 934,1024 930,1021"/>
          <TextEquiv conf="0.92448926">
            <Unicode>domi-</Unicode>
          </TextEquiv>
        </Word>
        <TextEquiv conf="0.8992198">
          <Unicode>tur, vel ut vaſallis a poteſtate novi domi-</Unicode>
        </TextEquiv>
      </TextLine>
      <TextLine id="region0002_line0012" custom="readingOrder {index:10;}">
        <Coords points="623,1067 618,1069 610,1080 597,1077 513,1076 391,1078 389,1074 381,1071 358,1071 352,1073 349,1078 327,1076 321,1071 308,1071 302,1078 225,1081 218,1074 206,1073 198,1080 169,1080 169,1126 212,1126 214,1129 223,1130 231,1123 255,1126 307,1123 318,1119 336,1119 341,1122 366,1119 379,1123 592,1120 604,1123 672,1124 674,1129 679,1131 688,1131 697,1125 875,1124 904,1128 1047,1128 1047,1083 1009,1081 1007,1074 1002,1072 985,1072 974,1080 938,1080 931,1074 915,1075 911,1081 895,1081 894,1075 877,1072 872,1074 870,1081 844,1081 714,1079 713,1074 706,1070 685,1068 675,1071 674,1077 670,1071 663,1068 652,1068 644,1076 643,1070 639,1068"/>
        <Baseline points="169,1116 516,1111 1047,1118"/>
        <Word id="region0002_line0012_word0000" custom="readingOrder {index:0;}">
          <Coords points="201,1077 198,1080 176,1080 176,1122 232,1122 232,1080 225,1081 221,1077"/>
          <TextEquiv conf="0.92580336">
            <Unicode>ni,</Unicode>
          </TextEquiv>
        </Word>
        <Word id="region0002_line0012_word0001" custom="readingOrder {index:1;}">
          <Coords points="258,1113 317,1113 317,1078 302,1078 258,1079"/>
          <TextEquiv conf="0.86872935">
            <Unicode>cui</Unicode>
          </TextEquiv>
        </Word>
        <Word id="region0002_line0012_word0002" custom="readingOrder {index:2;}">
          <Coords points="331,1078 331,1116 504,1115 504,1077 424,1077 391,1078 391,1078 349,1078 349,1078 348,1078"/>
          <TextEquiv conf="0.86872935">
            <Unicode>alienans</Unicode>
          </TextEquiv>
        </Word>
        <Word id="region0002_line0012_word0003" custom="readingOrder {index:3;}">
          <Coords points="528,1088 594,1088 594,1114 528,1114"/>
          <TextEquiv conf="0.9105942">
            <Unicode>eos</Unicode>
          </TextEquiv>
        </Word>
        <Word id="region0002_line0012_word0004" custom="readingOrder {index:4;}">
          <Coords points="615,1071 613,1075 613,1123 656,1123 798,1123 798,1080 714,1079 713,1074 708,1071 674,1071 674,1077 670,1071 648,1071 644,1076 643,1071"/>
          <TextEquiv conf="0.9158699">
            <Unicode>ſubjicere</Unicode>
          </TextEquiv>
        </Word>
        <Word id="region0002_line0012_word0005" custom="readingOrder {index:5;}">
          <Coords points="872,1073 872,1074 870,1081 844,1081 823,1080 823,1113 951,1112 951,1080 938,1080 931,1074 915,1075 911,1081 895,1081 894,1075 885,1073"/>
          <TextEquiv conf="0.91705346">
            <Unicode>voluit</Unicode>
          </TextEquiv>
        </Word>
        <Word id="region0002_line0012_word0006" custom="readingOrder {index:6;}">
          <Coords points="985,1072 977,1077 977,1112 1033,1112 1033,1082 1009,1081 1007,1074 1002,1072"/>
          <TextEquiv conf="0.9218349">
            <Unicode>fa-</Unicode>
          </TextEquiv>
        </Word>
        <TextEquiv conf="0.9040878">
          <Unicode>ni, cui alienans eos ſubjicere voluit fa-</Unicode>
        </TextEquiv>
      </TextLine>
      <TextLine id="region0002_line0013" custom="readingOrder {index:11;}">
        <Coords points="318,1120 309,1123 305,1128 246,1130 241,1124 231,1124 223,1131 169,1131 170,1177 472,1172 479,1175 622,1175 644,1172 695,1177 697,1184 706,1187 720,1184 722,1177 808,1177 826,1174 925,1177 937,1179 976,1177 992,1181 1048,1182 1047,1135 916,1134 896,1132 888,1126 875,1125 802,1131 679,1132 607,1129 601,1128 600,1123 592,1121 566,1121 561,1124 560,1129 465,1129 463,1123 458,1121 446,1121 439,1129 381,1130 380,1125 373,1121 355,1121 344,1129 336,1120"/>
        <Baseline points="170,1167 658,1164 1048,1171"/>
        <Word id="region0002_line0013_word0000" custom="readingOrder {index:0;}">
          <Coords points="225,1128 223,1131 177,1131 178,1168 297,1167 296,1128 246,1130 244,1128"/>
          <TextEquiv conf="0.91711617">
            <Unicode>cultas</Unicode>
          </TextEquiv>
        </Word>
        <Word id="region0002_line0013_word0001" custom="readingOrder {index:1;}">
          <Coords points="310,1126 311,1167 386,1167 385,1129 381,1130 380,1126 348,1126 344,1129 341,1126"/>
          <TextEquiv conf="0.9279768">
            <Unicode>ſeſe</Unicode>
          </TextEquiv>
        </Word>
        <Word id="region0002_line0013_word0002" custom="readingOrder {index:2;}">
          <Coords points="441,1125 439,1129 395,1129 396,1167 595,1166 594,1125 560,1125 560,1129 465,1129 463,1125"/>
          <TextEquiv conf="0.92182803">
            <Unicode>eximendi</Unicode>
          </TextEquiv>
        </Word>
        <Word id="region0002_line0013_word0003" custom="readingOrder {index:3;}">
          <Coords points="817,1134 610,1135 610,1175 622,1175 644,1172 691,1176 813,1176 817,1175"/>
          <TextEquiv conf="0.7306108">
            <Unicode>competat.</Unicode>
          </TextEquiv>
        </Word>
        <Word id="region0002_line0013_word0004" custom="readingOrder {index:4;}">
          <Coords points="871,1164 925,1164 924,1134 916,1134 896,1132 888,1126 875,1125 870,1125"/>
          <TextEquiv conf="0.92376703">
            <Unicode>Ita</Unicode>
          </TextEquiv>
        </Word>
        <Word id="region0002_line0013_word0005" custom="readingOrder {index:5;}">
          <Coords points="939,1135 1032,1135 1033,1161 939,1161"/>
          <TextEquiv conf="0.92376703">
            <Unicode>cum</Unicode>
          </TextEquiv>
        </Word>
        <TextEquiv conf="0.8908443">
          <Unicode>cultas ſeſe eximendi competat. Ita cum</Unicode>
        </TextEquiv>
      </TextLine>
      <TextLine id="region0002_line0014" custom="readingOrder {index:12;}">
        <Coords points="415,1174 410,1176 408,1182 380,1179 375,1175 356,1179 332,1176 320,1180 261,1183 207,1181 201,1177 170,1179 169,1230 400,1227 421,1237 428,1235 436,1226 488,1226 515,1230 677,1227 700,1231 716,1229 721,1231 725,1238 736,1241 750,1239 757,1230 771,1232 782,1228 862,1228 886,1233 1002,1231 1007,1234 1047,1234 1048,1186 987,1185 976,1178 957,1178 948,1185 940,1185 938,1180 925,1178 826,1175 809,1177 798,1183 773,1184 767,1176 753,1177 746,1185 719,1185 706,1188 698,1185 663,1185 660,1176 644,1173 619,1176 613,1182 482,1183 480,1176 463,1173 458,1175 456,1183 444,1183 443,1176 438,1173"/>
        <Baseline points="169,1221 1047,1223"/>
        <Word id="region0002_line0014_word0000" custom="readingOrder {index:0;}">
          <Coords points="177,1188 296,1187 296,1225 177,1226"/>
          <TextEquiv conf="0.9082217">
            <Unicode>Anno</Unicode>
          </TextEquiv>
        </Word>
        <Word id="region0002_line0014_word0001" custom="readingOrder {index:1;}">
          <Coords points="307,1188 405,1188 405,1225 307,1225"/>
          <TextEquiv>
            <Unicode>1660.</Unicode>
          </TextEquiv>
        </Word>
        <Word id="region0002_line0014_word0002" custom="readingOrder {index:2;}">
          <Coords points="414,1184 414,1233 416,1234 428,1234 436,1226 488,1226 515,1230 607,1228 607,1182 590,1182"/>
          <TextEquiv conf="0.8905839">
            <Unicode>Johannes</Unicode>
          </TextEquiv>
        </Word>
        <Word id="region0002_line0014_word0003" custom="readingOrder {index:3;}">
          <Coords points="618,1182 618,1228 677,1227 700,1231 716,1229 721,1231 722,1234 753,1234 757,1230 771,1232 782,1228 812,1228 812,1181 801,1181 798,1183 773,1184 770,1181 749,1181 746,1185 719,1185 706,1188 698,1185 663,1185 661,1181"/>
          <TextEquiv conf="0.9293376">
            <Unicode>Georgius</Unicode>
          </TextEquiv>
        </Word>
        <Word id="region0002_line0014_word0004" custom="readingOrder {index:4;}">
          <Coords points="828,1182 873,1182 873,1223 828,1223"/>
          <TextEquiv conf="0.8842292">
            <Unicode>II.</Unicode>
          </TextEquiv>
        </Word>
        <Word id="region0002_line0014_word0005" custom="readingOrder {index:5;}">
          <Coords points="882,1184 882,1223 1035,1222 1035,1185 987,1185 984,1183 949,1183 948,1185 940,1185 939,1183"/>
          <TextEquiv conf="0.92053396">
            <Unicode>Elector</Unicode>
          </TextEquiv>
        </Word>
        <TextEquiv>
          <Unicode>Anno 1660. Johannes Georgius II. Elector</Unicode>
        </TextEquiv>
      </TextLine>
      <TextLine id="region0002_line0015" custom="readingOrder {index:13;}">
        <Coords points="306,1227 301,1230 299,1237 228,1238 202,1230 169,1231 169,1281 202,1281 216,1284 260,1283 265,1280 283,1280 289,1283 323,1280 347,1284 379,1284 386,1281 483,1283 536,1281 554,1284 617,1280 646,1283 666,1281 677,1285 759,1283 835,1285 855,1283 879,1287 1047,1286 1047,1240 1007,1240 1006,1234 1002,1232 988,1232 983,1234 981,1240 886,1241 885,1234 880,1231 812,1229 801,1236 799,1231 794,1229 782,1229 771,1233 757,1231 750,1240 736,1242 725,1239 721,1232 716,1230 705,1230 696,1236 690,1231 677,1228 644,1230 621,1236 581,1238 512,1237 510,1230 488,1227 463,1227 458,1230 456,1236 454,1229 436,1227 428,1236 421,1238 400,1228 363,1229 325,1236 322,1228"/>
        <Baseline points="169,1272 1047,1275"/>
        <Word id="region0002_line0015_word0000" custom="readingOrder {index:0;}">
          <Coords points="177,1239 350,1238 350,1279 177,1280"/>
          <TextEquiv conf="0.86558646">
            <Unicode>Saxoniæ</Unicode>
          </TextEquiv>
        </Word>
        <Word id="region0002_line0015_word0001" custom="readingOrder {index:1;}">
          <Coords points="368,1238 368,1280 623,1278 623,1236 621,1236 581,1238 512,1237 512,1237 422,1238 421,1238 420,1238"/>
          <TextEquiv conf="0.8931302">
            <Unicode>Nobilitatem</Unicode>
          </TextEquiv>
        </Word>
        <Word id="region0002_line0015_word0002" custom="readingOrder {index:2;}">
          <Coords points="658,1236 658,1278 962,1276 962,1240 886,1241 885,1235 802,1235 801,1236 801,1235 754,1235 750,1240 736,1242 725,1239 723,1236 696,1236 696,1236 696,1236"/>
          <TextEquiv conf="0.7636526">
            <Unicode>Schriftſaſſicam</Unicode>
          </TextEquiv>
        </Word>
        <Word id="region0002_line0015_word0003" custom="readingOrder {index:3;}">
          <Coords points="989,1234 989,1274 1035,1274 1035,1240 1007,1240 1006,1234"/>
          <TextEquiv conf="0.88618743">
            <Unicode>in</Unicode>
          </TextEquiv>
        </Word>
        <TextEquiv conf="0.8521392">
          <Unicode>Saxoniæ Nobilitatem Schriftſaſſicam in</Unicode>
        </TextEquiv>
      </TextLine>
      <TextLine id="region0002_line0016" custom="readingOrder {index:14;}">
        <Coords points="179,1281 169,1282 170,1338 181,1335 250,1339 438,1337 450,1334 474,1338 495,1336 501,1339 767,1337 774,1340 850,1340 866,1337 879,1341 919,1343 935,1351 952,1341 1048,1343 1047,1298 1042,1296 1040,1287 1033,1285 1010,1286 1001,1294 922,1295 882,1293 870,1285 855,1284 845,1284 838,1289 834,1285 826,1284 720,1284 713,1286 707,1294 677,1294 675,1285 666,1282 630,1282 624,1287 617,1281 599,1281 591,1286 587,1293 558,1293 556,1285 536,1282 514,1285 496,1283 491,1287 488,1284 472,1282 386,1282 377,1285 374,1291 357,1291 337,1290 334,1284 323,1281 307,1282 299,1290 290,1290 289,1284 283,1281 265,1281 256,1289 241,1290 202,1282"/>
        <Baseline points="170,1327 1048,1332"/>
        <Word id="region0002_line0016_word0000" custom="readingOrder {index:0;}">
          <Coords points="177,1288 177,1335 181,1335 250,1339 412,1337 412,1287 375,1287 374,1291 357,1291 337,1290 335,1287 301,1287 299,1290 290,1290 289,1287 257,1287 256,1289 241,1290 230,1287"/>
          <TextEquiv conf="0.5280254">
            <Unicode>Præfecturis</Unicode>
          </TextEquiv>
        </Word>
        <Word id="region0002_line0016_word0001" custom="readingOrder {index:1;}">
          <Coords points="439,1286 440,1337 450,1334 474,1338 495,1336 501,1339 735,1337 734,1285 716,1285 713,1286 707,1294 677,1294 675,1285 626,1285 624,1287 622,1285 592,1285 591,1286 587,1293 558,1293 556,1286 492,1286 491,1287 490,1286"/>
          <TextEquiv conf="0.772264">
            <Unicode>Weiſſenfelſenſi</Unicode>
          </TextEquiv>
        </Word>
        <Word id="region0002_line0016_word0002" custom="readingOrder {index:2;}">
          <Coords points="759,1293 776,1292 777,1332 760,1333"/>
          <TextEquiv conf="0.9098386">
            <Unicode>&amp;</Unicode>
          </TextEquiv>
        </Word>
        <Word id="region0002_line0016_word0003" custom="readingOrder {index:3;}">
          <Coords points="797,1288 798,1340 850,1340 866,1337 879,1341 891,1342 951,1341 952,1341 966,1341 1035,1341 1034,1287 1009,1287 1001,1294 922,1295 882,1293 874,1288 840,1288 838,1289 837,1288"/>
          <TextEquiv conf="0.889603">
            <Unicode>Friburgenſi</Unicode>
          </TextEquiv>
        </Word>
        <TextEquiv conf="0.7749328">
          <Unicode>Præfecturis Weiſſenfelſenſi &amp; Friburgenſi</Unicode>
        </TextEquiv>
      </TextLine>
      <TextLine id="region0002_line0017" custom="readingOrder {index:15;}">
        <Coords points="181,1336 175,1339 174,1344 170,1344 169,1392 189,1393 205,1400 218,1398 227,1393 243,1392 249,1388 266,1389 275,1386 326,1391 447,1391 475,1384 482,1391 592,1390 598,1392 639,1394 644,1398 655,1398 662,1394 703,1393 996,1395 1047,1391 1048,1385 1048,1353 997,1349 991,1341 971,1341 961,1347 958,1342 952,1342 935,1352 927,1349 881,1348 878,1341 866,1338 853,1339 846,1347 778,1347 776,1341 767,1338 740,1339 729,1348 674,1348 574,1347 572,1341 567,1338 553,1338 548,1340 546,1346 503,1345 502,1340 495,1337 468,1341 462,1336 450,1335 440,1336 435,1341 408,1345 291,1345 202,1344 201,1339 195,1336"/>
        <Baseline points="169,1382 1048,1382"/>
        <Word id="region0002_line0017_word0000" custom="readingOrder {index:0;}">
          <Coords points="181,1341 181,1392 189,1393 193,1394 223,1394 227,1393 243,1392 249,1388 266,1389 275,1386 326,1391 424,1391 424,1342 408,1345 291,1345 202,1344 201,1340"/>
          <TextEquiv conf="0.8132804">
            <Unicode>ignorantem</Unicode>
          </TextEquiv>
        </Word>
        <Word id="region0002_line0017_word0001" custom="readingOrder {index:1;}">
          <Coords points="437,1344 474,1344 474,1383 437,1383"/>
          <TextEquiv conf="0.92579114">
            <Unicode>&amp;</Unicode>
          </TextEquiv>
        </Word>
        <Word id="region0002_line0017_word0002" custom="readingOrder {index:2;}">
          <Coords points="485,1343 485,1389 659,1388 659,1347 574,1347 572,1342 547,1342 546,1346 503,1345 502,1342"/>
          <TextEquiv conf="0.89517206">
            <Unicode>invitam,</Unicode>
          </TextEquiv>
        </Word>
        <Word id="region0002_line0017_word0003" custom="readingOrder {index:3;}">
          <Coords points="737,1340 729,1348 686,1348 686,1382 838,1381 838,1347 778,1347 776,1341 774,1340"/>
          <TextEquiv conf="0.85391134">
            <Unicode>ceſſerat</Unicode>
          </TextEquiv>
        </Word>
        <Word id="region0002_line0017_word0004" custom="readingOrder {index:4;}">
          <Coords points="852,1339 849,1343 849,1382 955,1381 955,1342 952,1342 935,1352 927,1349 881,1348 878,1341 873,1339"/>
          <TextEquiv conf="0.70886743">
            <Unicode>fratri</Unicode>
          </TextEquiv>
        </Word>
        <Word id="region0002_line0017_word0005" custom="readingOrder {index:5;}">
          <Coords points="969,1343 969,1381 1035,1381 1035,1351 997,1349 992,1343"/>
          <TextEquiv conf="0.9189094">
            <Unicode>Se-</Unicode>
          </TextEquiv>
        </Word>
        <TextEquiv conf="0.8526553">
          <Unicode>ignorantem &amp; invitam, ceſſerat fratri Se-</Unicode>
        </TextEquiv>
      </TextLine>
      <TextLine id="region0002_line0018" custom="readingOrder {index:16;}">
        <Coords points="471,1385 466,1389 448,1391 446,1394 421,1391 411,1395 380,1398 311,1397 302,1388 282,1387 266,1390 249,1389 241,1397 222,1397 206,1401 191,1396 169,1396 169,1441 254,1439 259,1441 285,1439 331,1442 336,1439 348,1439 367,1440 382,1446 443,1442 660,1443 673,1440 685,1444 716,1443 721,1446 798,1446 812,1443 820,1447 836,1447 840,1444 852,1444 859,1448 917,1448 927,1454 940,1445 1010,1447 1016,1444 1032,1444 1047,1447 1047,1401 1018,1401 1012,1394 999,1394 994,1396 992,1402 724,1400 718,1394 703,1394 697,1399 644,1399 601,1395 592,1391 569,1393 562,1390 549,1392 545,1398 529,1398 528,1393 523,1390 509,1390 503,1397 487,1397 483,1396 475,1385"/>
        <Baseline points="169,1431 1047,1437"/>
        <Word id="region0002_line0018_word0000" custom="readingOrder {index:0;}">
          <Coords points="243,1395 241,1397 222,1397 206,1401 191,1396 178,1396 178,1440 220,1440 254,1439 256,1440 278,1440 285,1439 292,1439 336,1439 336,1439 348,1439 351,1439 383,1439 383,1398 380,1398 311,1397 308,1394"/>
          <TextEquiv conf="0.7517578">
            <Unicode>reniſſimo,</Unicode>
          </TextEquiv>
        </Word>
        <Word id="region0002_line0018_word0001" custom="readingOrder {index:1;}">
          <Coords points="470,1385 466,1389 448,1391 446,1394 421,1391 411,1395 406,1395 406,1434 717,1432 717,1394 703,1394 697,1399 644,1399 601,1395 592,1391 569,1393 562,1390 549,1392 545,1398 529,1398 528,1393 523,1390 509,1390 503,1397 487,1397 483,1396 475,1385"/>
          <TextEquiv conf="0.9096051">
            <Unicode>Adminiſtratori</Unicode>
          </TextEquiv>
        </Word>
        <Word id="region0002_line0018_word0002" custom="readingOrder {index:2;}">
          <Coords points="734,1402 829,1401 829,1429 734,1430"/>
          <TextEquiv conf="0.92017037">
            <Unicode>tunc</Unicode>
          </TextEquiv>
        </Word>
        <Word id="region0002_line0018_word0003" custom="readingOrder {index:3;}">
          <Coords points="844,1440 1034,1439 1034,1401 1018,1401 1012,1394 999,1394 994,1396 992,1402 844,1400"/>
          <TextEquiv conf="0.9199641">
            <Unicode>temporis</Unicode>
          </TextEquiv>
        </Word>
        <TextEquiv conf="0.8753743">
          <Unicode>reniſſimo, Adminiſtratori tunc temporis</Unicode>
        </TextEquiv>
      </TextLine>
      <TextLine id="region0002_line0019" custom="readingOrder {index:17;}">
        <Coords points="240,1440 235,1442 233,1447 169,1448 170,1492 205,1490 216,1493 271,1492 308,1488 314,1494 412,1494 414,1499 421,1502 433,1500 443,1490 509,1490 515,1493 539,1491 554,1495 594,1492 606,1495 620,1495 622,1500 632,1503 656,1501 660,1495 762,1495 776,1505 787,1500 799,1505 807,1498 844,1499 868,1503 881,1497 889,1497 896,1501 970,1498 978,1495 1048,1498 1047,1453 1032,1445 1016,1445 1009,1448 1008,1453 940,1446 927,1455 917,1449 911,1449 903,1453 901,1465 893,1465 891,1457 887,1454 860,1452 852,1445 840,1445 834,1452 821,1452 818,1446 812,1444 801,1445 795,1451 723,1450 716,1444 703,1444 697,1449 688,1449 683,1443 673,1441 659,1444 658,1449 628,1448 610,1442 563,1443 529,1448 390,1449 367,1441 336,1440 329,1447 291,1447 285,1440 270,1440 261,1446 260,1442 254,1440"/>
        <Baseline points="170,1482 1048,1488"/>
        <Word id="region0002_line0019_word0000" custom="readingOrder {index:0;}">
          <Coords points="179,1450 180,1491 205,1490 216,1493 271,1492 308,1488 314,1494 412,1494 414,1499 434,1499 443,1490 509,1490 515,1493 529,1492 528,1448 390,1449 389,1449"/>
          <TextEquiv conf="0.8662172">
            <Unicode>archiepiſcopatus</Unicode>
          </TextEquiv>
        </Word>
        <Word id="region0002_line0019_word0001" custom="readingOrder {index:1;}">
          <Coords points="563,1447 564,1494 594,1492 606,1495 620,1495 621,1499 658,1498 660,1495 762,1495 766,1498 881,1497 881,1497 885,1497 884,1454 860,1452 852,1445 840,1445 834,1452 821,1452 818,1446 816,1445 800,1446 795,1451 723,1450 718,1446 700,1446 697,1449 688,1449 686,1446 659,1446 658,1449 628,1448 624,1447"/>
          <TextEquiv conf="0.90410936">
            <Unicode>Magdeburgici,</Unicode>
          </TextEquiv>
        </Word>
        <Word id="region0002_line0019_word0002" custom="readingOrder {index:2;}">
          <Coords points="937,1448 927,1455 926,1454 927,1487 1035,1486 1034,1447 1011,1447 1009,1448 1008,1453 957,1448"/>
          <TextEquiv conf="0.64737093">
            <Unicode>Duci</Unicode>
          </TextEquiv>
        </Word>
        <TextEquiv conf="0.80589914">
          <Unicode>archiepiſcopatus Magdeburgici, Duci</Unicode>
        </TextEquiv>
      </TextLine>
      <TextLine id="region0002_line0020" custom="readingOrder {index:18;}">
        <Coords points="299,1489 291,1495 259,1496 214,1495 205,1491 170,1493 170,1543 225,1544 247,1550 299,1542 345,1543 348,1547 360,1548 367,1544 420,1544 427,1540 441,1544 578,1546 584,1543 598,1542 614,1546 838,1549 995,1549 1001,1546 1048,1545 1048,1509 1023,1506 1021,1499 1014,1496 978,1496 967,1502 957,1503 897,1504 889,1498 881,1498 871,1504 798,1506 787,1501 776,1506 762,1496 744,1496 736,1503 632,1504 603,1500 602,1495 594,1493 585,1493 578,1496 577,1500 570,1500 547,1498 539,1492 526,1492 520,1495 509,1491 443,1491 435,1500 421,1503 413,1499 314,1495 308,1489"/>
        <Baseline points="170,1533 1048,1536"/>
        <Word id="region0002_line0020_word0000" custom="readingOrder {index:0;}">
          <Coords points="179,1498 179,1543 225,1544 242,1548 256,1548 299,1542 345,1543 348,1547 360,1548 365,1545 365,1497 363,1497"/>
          <TextEquiv conf="0.92474425">
            <Unicode>Auguſto,</Unicode>
          </TextEquiv>
        </Word>
        <Word id="region0002_line0020_word0001" custom="readingOrder {index:1;}">
          <Coords points="391,1500 391,1538 512,1537 512,1499 435,1500 435,1500 421,1503 415,1500"/>
          <TextEquiv conf="0.92378116">
            <Unicode>vaſalli</Unicode>
          </TextEquiv>
        </Word>
        <Word id="region0002_line0020_word0002" custom="readingOrder {index:2;}">
          <Coords points="528,1498 528,1537 621,1536 621,1502 603,1500 602,1497 578,1497 577,1500 570,1500 547,1498 547,1498"/>
          <TextEquiv conf="0.9253813">
            <Unicode>huic</Unicode>
          </TextEquiv>
        </Word>
        <Word id="region0002_line0020_word0003" custom="readingOrder {index:3;}">
          <Coords points="634,1509 718,1509 718,1535 634,1535"/>
          <TextEquiv conf="0.9139826">
            <Unicode>non</Unicode>
          </TextEquiv>
        </Word>
        <Word id="region0002_line0020_word0004" custom="readingOrder {index:4;}">
          <Coords points="742,1496 741,1498 741,1535 861,1534 861,1504 798,1506 787,1501 776,1506 763,1496"/>
          <TextEquiv conf="0.9267783">
            <Unicode>ſolum</Unicode>
          </TextEquiv>
        </Word>
        <Word id="region0002_line0020_word0005" custom="readingOrder {index:5;}">
          <Coords points="878,1535 1037,1534 1037,1507 1023,1506 1021,1499 1014,1496 978,1496 967,1502 957,1503 897,1504 889,1498 881,1498 878,1499"/>
          <TextEquiv conf="0.90122604">
            <Unicode>inveſti-</Unicode>
          </TextEquiv>
        </Word>
        <TextEquiv conf="0.91931564">
          <Unicode>Auguſto, vaſalli huic non ſolum inveſti-</Unicode>
        </TextEquiv>
      </TextLine>
      <TextLine id="region0002_line0021" custom="readingOrder {index:19;}">
        <Coords points="427,1541 417,1548 360,1549 268,1547 247,1551 237,1547 170,1547 169,1593 216,1593 222,1590 246,1590 252,1593 300,1592 306,1589 322,1592 366,1590 372,1591 375,1597 382,1601 393,1600 398,1594 595,1597 614,1593 629,1597 671,1599 683,1606 698,1604 707,1596 722,1600 772,1600 796,1596 806,1604 812,1605 822,1601 857,1599 952,1600 967,1597 973,1600 1047,1601 1048,1551 1026,1551 1021,1547 1001,1547 992,1552 970,1555 707,1554 665,1553 659,1546 647,1547 644,1552 605,1550 598,1543 584,1544 577,1547 576,1551 447,1549 436,1542"/>
        <Baseline points="169,1583 1047,1591"/>
        <Word id="region0002_line0021_word0000" custom="readingOrder {index:0;}">
          <Coords points="180,1559 273,1558 273,1587 180,1588"/>
          <TextEquiv conf="0.91279894">
            <Unicode>turæ</Unicode>
          </TextEquiv>
        </Word>
        <Word id="region0002_line0021_word0001" custom="readingOrder {index:1;}">
          <Coords points="289,1549 289,1592 300,1592 306,1589 322,1592 366,1590 372,1591 375,1597 376,1597 394,1597 398,1594 558,1596 558,1550 447,1549 446,1548 379,1548 360,1549 349,1548"/>
          <TextEquiv conf="0.9007568">
            <Unicode>receptionem</Unicode>
          </TextEquiv>
        </Word>
        <Word id="region0002_line0021_word0002" custom="readingOrder {index:2;}">
          <Coords points="577,1547 577,1547 576,1551 572,1551 572,1597 587,1597 596,1597 614,1593 627,1597 823,1595 823,1554 707,1554 665,1553 659,1546 655,1546 647,1547 644,1552 605,1550 602,1547"/>
          <TextEquiv conf="0.89164513">
            <Unicode>denegarunt,</Unicode>
          </TextEquiv>
        </Word>
        <Word id="region0002_line0021_word0003" custom="readingOrder {index:3;}">
          <Coords points="851,1557 983,1556 983,1583 851,1584"/>
          <TextEquiv conf="0.89164513">
            <Unicode>verum</Unicode>
          </TextEquiv>
        </Word>
        <Word id="region0002_line0021_word0004" custom="readingOrder {index:4;}">
          <Coords points="995,1585 1036,1585 1036,1551 1026,1551 1021,1547 1001,1547 995,1550"/>
          <TextEquiv conf="0.92047656">
            <Unicode>&amp;</Unicode>
          </TextEquiv>
        </Word>
        <TextEquiv conf="0.9034645">
          <Unicode>turæ receptionem denegarunt, verum &amp;</Unicode>
        </TextEquiv>
      </TextLine>
      <TextLine id="region0002_line0022" custom="readingOrder {index:20;}">
        <Coords points="222,1591 215,1594 214,1599 169,1599 169,1644 250,1644 260,1640 279,1650 284,1648 284,1643 470,1644 492,1645 494,1649 503,1653 516,1642 524,1645 550,1642 612,1647 718,1649 733,1646 740,1650 785,1649 790,1646 818,1649 824,1646 850,1646 853,1650 862,1651 870,1656 875,1650 1048,1650 1047,1605 975,1606 974,1601 967,1598 950,1601 948,1606 812,1606 806,1605 796,1597 784,1598 778,1604 723,1605 721,1600 707,1597 698,1605 683,1607 671,1600 664,1600 663,1603 622,1601 614,1594 602,1594 595,1601 499,1598 396,1599 382,1602 378,1601 372,1592 366,1591 325,1595 316,1590 306,1590 294,1598 255,1599 253,1594 246,1591"/>
        <Baseline points="169,1634 1047,1640"/>
        <Word id="region0002_line0022_word0000" custom="readingOrder {index:0;}">
          <Coords points="214,1596 214,1599 180,1599 180,1644 250,1644 260,1640 273,1647 284,1647 284,1643 318,1643 318,1596 296,1596 294,1598 255,1599 253,1596"/>
          <TextEquiv conf="0.9191968">
            <Unicode>reliqui</Unicode>
          </TextEquiv>
        </Word>
        <Word id="region0002_line0022_word0001" custom="readingOrder {index:1;}">
          <Coords points="350,1598 350,1636 473,1635 473,1598 396,1599 382,1602 378,1601 375,1597"/>
          <TextEquiv conf="0.8945473">
            <Unicode>Status</Unicode>
          </TextEquiv>
        </Word>
        <Word id="region0002_line0022_word0002" custom="readingOrder {index:2;}">
          <Coords points="600,1595 595,1601 499,1598 496,1598 496,1646 511,1645 516,1642 524,1645 550,1642 594,1645 758,1645 758,1604 723,1605 721,1600 707,1597 698,1605 683,1607 671,1600 664,1600 663,1603 622,1601 615,1595"/>
          <TextEquiv conf="0.8942292">
            <Unicode>provinciales</Unicode>
          </TextEquiv>
        </Word>
        <Word id="region0002_line0022_word0003" custom="readingOrder {index:3;}">
          <Coords points="786,1632 828,1632 828,1606 812,1606 806,1605 796,1597 786,1597"/>
          <TextEquiv conf="0.888671">
            <Unicode>in</Unicode>
          </TextEquiv>
        </Word>
        <Word id="region0002_line0022_word0004" custom="readingOrder {index:4;}">
          <Coords points="856,1643 1038,1642 1038,1605 975,1606 974,1601 967,1598 950,1601 948,1606 856,1606"/>
          <TextEquiv conf="0.8923735">
            <Unicode>proxime</Unicode>
          </TextEquiv>
        </Word>
        <TextEquiv conf="0.89780354">
          <Unicode>reliqui Status provinciales in proxime</Unicode>
        </TextEquiv>
      </TextLine>
      <TextLine id="region0002_line0023" custom="readingOrder {index:21;}">
        <Coords points="259,1641 247,1646 198,1643 169,1645 170,1701 370,1694 502,1697 577,1697 593,1694 603,1698 613,1698 615,1703 628,1706 638,1703 640,1698 671,1697 735,1700 773,1699 789,1696 795,1699 1048,1703 1048,1658 985,1654 979,1649 967,1649 961,1654 870,1657 862,1652 855,1652 850,1647 824,1647 819,1649 817,1654 810,1654 809,1650 802,1647 790,1647 782,1654 741,1655 740,1651 733,1647 721,1648 716,1654 700,1654 576,1652 570,1645 550,1643 538,1644 534,1646 534,1651 528,1651 525,1646 516,1643 503,1654 495,1650 387,1651 377,1650 375,1645 371,1643 358,1643 352,1649 279,1651"/>
        <Baseline points="170,1691 428,1685 1048,1694"/>
        <Word id="region0002_line0023_word0000" custom="readingOrder {index:0;}">
          <Coords points="180,1651 180,1694 391,1693 391,1650 387,1651 377,1650 299,1650 279,1651 278,1650"/>
          <TextEquiv conf="0.8918197">
            <Unicode>ſubſecutis</Unicode>
          </TextEquiv>
        </Word>
        <Word id="region0002_line0023_word0001" custom="readingOrder {index:1;}">
          <Coords points="508,1649 503,1654 495,1650 417,1650 417,1689 589,1688 589,1652 576,1652 573,1649 534,1649 534,1651 528,1651 527,1649"/>
          <TextEquiv conf="0.8934694">
            <Unicode>comitiis</Unicode>
          </TextEquiv>
        </Word>
        <Word id="region0002_line0023_word0002" custom="readingOrder {index:2;}">
          <Coords points="720,1648 716,1654 700,1654 621,1652 621,1699 639,1698 640,1698 671,1697 707,1698 775,1698 789,1696 793,1698 925,1698 925,1655 870,1657 862,1652 855,1652 851,1648 820,1648 819,1649 817,1654 810,1654 809,1650 805,1648 788,1648 782,1654 741,1655 740,1651 735,1648"/>
          <TextEquiv conf="0.8954961">
            <Unicode>provincialibus</Unicode>
          </TextEquiv>
        </Word>
        <Word id="region0002_line0023_word0003" custom="readingOrder {index:3;}">
          <Coords points="955,1685 1038,1685 1038,1657 985,1654 979,1649 967,1649 961,1654 955,1654"/>
          <TextEquiv conf="0.9098094">
            <Unicode>An.</Unicode>
          </TextEquiv>
        </Word>
        <TextEquiv conf="0.89764863">
          <Unicode>ſubſecutis comitiis provincialibus An.</Unicode>
        </TextEquiv>
      </TextLine>
      <TextLine id="region0002_line0024" custom="readingOrder {index:22;}">
        <Coords points="370,1695 364,1702 280,1703 252,1703 241,1699 227,1703 205,1702 170,1706 169,1753 213,1750 245,1752 252,1748 266,1747 280,1750 283,1757 295,1760 304,1757 306,1750 444,1750 462,1745 477,1748 551,1748 557,1745 580,1745 600,1748 626,1746 666,1750 678,1752 687,1759 705,1760 713,1758 717,1753 820,1750 840,1747 856,1748 863,1752 926,1751 934,1755 946,1754 948,1760 958,1763 974,1761 977,1755 1047,1751 1048,1713 1025,1710 797,1705 796,1700 789,1697 776,1698 771,1705 639,1703 628,1707 604,1703 600,1696 593,1695 580,1696 575,1699 574,1704 552,1704 412,1703 405,1702 399,1695"/>
        <Baseline points="169,1742 597,1737 1047,1742"/>
        <Word id="region0002_line0024_word0000" custom="readingOrder {index:0;}">
          <Coords points="180,1706 268,1705 268,1743 180,1744"/>
          <TextEquiv conf="0.8234294">
            <Unicode>1661.</Unicode>
          </TextEquiv>
        </Word>
        <Word id="region0002_line0024_word0001" custom="readingOrder {index:1;}">
          <Coords points="355,1712 287,1712 287,1754 304,1754 306,1750 355,1750"/>
          <TextEquiv conf="0.8234294">
            <Unicode>per</Unicode>
          </TextEquiv>
        </Word>
        <Word id="region0002_line0024_word0002" custom="readingOrder {index:2;}">
          <Coords points="372,1701 372,1746 460,1745 462,1745 463,1745 497,1745 497,1703 412,1703 405,1702 403,1700"/>
          <TextEquiv conf="0.91753787">
            <Unicode>literas</Unicode>
          </TextEquiv>
        </Word>
        <Word id="region0002_line0024_word0003" custom="readingOrder {index:3;}">
          <Coords points="513,1712 555,1712 555,1740 513,1740"/>
          <TextEquiv conf="0.91666543">
            <Unicode>ea</Unicode>
          </TextEquiv>
        </Word>
        <Word id="region0002_line0024_word0004" custom="readingOrder {index:4;}">
          <Coords points="574,1699 574,1704 571,1704 571,1739 620,1738 620,1705 604,1703 601,1699"/>
          <TextEquiv conf="0.9265725">
            <Unicode>de</Unicode>
          </TextEquiv>
        </Word>
        <Word id="region0002_line0024_word0005" custom="readingOrder {index:5;}">
          <Coords points="638,1710 680,1710 680,1737 638,1737"/>
          <TextEquiv conf="0.9259131">
            <Unicode>re</Unicode>
          </TextEquiv>
        </Word>
        <Word id="region0002_line0024_word0006" custom="readingOrder {index:6;}">
          <Coords points="774,1699 771,1705 688,1703 688,1752 768,1751 820,1750 840,1747 851,1747 851,1706 797,1705 796,1700 794,1699"/>
          <TextEquiv conf="0.9073967">
            <Unicode>graviter</Unicode>
          </TextEquiv>
        </Word>
        <Word id="region0002_line0024_word0007" custom="readingOrder {index:7;}">
          <Coords points="862,1710 862,1750 1038,1749 1038,1711 1025,1710 991,1709"/>
          <TextEquiv conf="0.9182534">
            <Unicode>conque-</Unicode>
          </TextEquiv>
        </Word>
        <TextEquiv conf="0.8948997">
          <Unicode>1661. per literas ea de re graviter conque-</Unicode>
        </TextEquiv>
      </TextLine>
      <TextLine id="region0002_line0025" custom="readingOrder {index:23;}">
        <Coords points="462,1746 444,1751 423,1751 409,1756 305,1757 295,1761 276,1759 275,1751 266,1748 252,1749 242,1756 223,1751 169,1754 169,1807 379,1804 405,1805 409,1810 415,1811 427,1805 454,1803 465,1798 478,1797 486,1801 519,1798 528,1802 556,1803 747,1800 799,1804 865,1802 870,1805 902,1804 907,1807 936,1808 1023,1807 1047,1804 1047,1764 1042,1763 958,1764 935,1761 934,1756 926,1752 911,1754 909,1761 864,1760 861,1751 840,1748 823,1749 814,1757 692,1761 681,1757 632,1756 630,1749 626,1747 612,1747 607,1750 606,1755 594,1757 591,1749 580,1746 557,1746 549,1749 545,1755 513,1754"/>
        <Baseline points="169,1797 1047,1794"/>
        <Word id="region0002_line0025_word0000" custom="readingOrder {index:0;}">
          <Coords points="180,1760 226,1760 226,1801 180,1801"/>
          <TextEquiv conf="0.8992891">
            <Unicode>ſti</Unicode>
          </TextEquiv>
        </Word>
        <Word id="region0002_line0025_word0001" custom="readingOrder {index:1;}">
          <Coords points="245,1757 245,1806 379,1804 405,1805 405,1805 426,1805 426,1756 386,1756 305,1757 295,1761 276,1759 276,1757"/>
          <TextEquiv conf="0.89443475">
            <Unicode>fuerunt,</Unicode>
          </TextEquiv>
        </Word>
        <Word id="region0002_line0025_word0002" custom="readingOrder {index:2;}">
          <Coords points="449,1754 486,1754 486,1795 449,1795"/>
          <TextEquiv conf="0.9260324">
            <Unicode>&amp;</Unicode>
          </TextEquiv>
        </Word>
        <Word id="region0002_line0025_word0003" custom="readingOrder {index:3;}">
          <Coords points="504,1755 504,1796 746,1795 746,1759 692,1761 681,1757 632,1756 632,1754 606,1755 606,1755 594,1757 593,1755 545,1755 545,1755 540,1755"/>
          <TextEquiv conf="0.8934652">
            <Unicode>caſſationem</Unicode>
          </TextEquiv>
        </Word>
        <Word id="region0002_line0025_word0004" custom="readingOrder {index:4;}">
          <Coords points="818,1752 814,1757 771,1758 771,1795 948,1794 948,1762 935,1761 934,1756 926,1752 925,1752 911,1754 909,1761 864,1760 861,1752"/>
          <TextEquiv conf="0.89791274">
            <Unicode>ceſſionis</Unicode>
          </TextEquiv>
        </Word>
        <Word id="region0002_line0025_word0005" custom="readingOrder {index:5;}">
          <Coords points="972,1765 1037,1765 1037,1793 972,1793"/>
          <TextEquiv conf="0.91657776">
            <Unicode>ur-</Unicode>
          </TextEquiv>
        </Word>
        <TextEquiv conf="0.9046187">
          <Unicode>ſti fuerunt, &amp; caſſationem ceſſionis ur-</Unicode>
        </TextEquiv>
      </TextLine>
      <TextLine id="region0002_line0026" custom="readingOrder {index:24;}">
        <Coords points="469,1798 453,1804 451,1808 415,1812 212,1815 211,1810 206,1807 169,1809 170,1863 215,1863 229,1860 266,1861 271,1858 284,1858 290,1861 313,1862 357,1861 360,1867 373,1869 383,1866 386,1859 410,1858 415,1855 551,1855 565,1852 574,1856 595,1858 620,1854 653,1857 710,1853 778,1857 809,1855 820,1862 835,1862 840,1865 881,1860 1048,1860 1047,1814 909,1814 908,1809 902,1805 887,1805 884,1806 882,1813 875,1813 870,1812 869,1805 865,1803 840,1803 834,1809 780,1811 777,1804 747,1801 705,1802 675,1808 605,1809 531,1807 529,1803 519,1799 506,1799 487,1807 484,1800"/>
        <Baseline points="170,1852 497,1844 1048,1850"/>
        <Word id="region0002_line0026_word0000" custom="readingOrder {index:0;}">
          <Coords points="178,1809 179,1857 329,1856 328,1813 212,1815 211,1810 208,1808"/>
          <TextEquiv conf="0.9082585">
            <Unicode>ſerunt,</Unicode>
          </TextEquiv>
        </Word>
        <Word id="region0002_line0026_word0001" custom="readingOrder {index:1;}">
          <Coords points="433,1819 353,1820 353,1861 385,1860 386,1859 410,1858 415,1855 433,1855"/>
          <TextEquiv conf="0.9106391">
            <Unicode>quo</Unicode>
          </TextEquiv>
        </Word>
        <Word id="region0002_line0026_word0002" custom="readingOrder {index:2;}">
          <Coords points="454,1805 455,1854 558,1853 565,1852 568,1853 626,1853 625,1808 605,1809 531,1807 529,1804 492,1804 487,1807 486,1804"/>
          <TextEquiv conf="0.90158325">
            <Unicode>factum,</Unicode>
          </TextEquiv>
        </Word>
        <Word id="region0002_line0026_word0003" custom="readingOrder {index:3;}">
          <Coords points="653,1817 698,1817 698,1845 653,1845"/>
          <TextEquiv conf="0.91156054">
            <Unicode>ut</Unicode>
          </TextEquiv>
        </Word>
        <Word id="region0002_line0026_word0004" custom="readingOrder {index:4;}">
          <Coords points="723,1806 724,1847 816,1846 815,1809 780,1811 777,1805"/>
          <TextEquiv conf="0.91114044">
            <Unicode>Dux</Unicode>
          </TextEquiv>
        </Word>
        <Word id="region0002_line0026_word0005" custom="readingOrder {index:5;}">
          <Coords points="841,1805 842,1855 1040,1854 1039,1814 909,1814 908,1809 902,1805 887,1805 884,1806 882,1813 875,1813 870,1812 869,1805 869,1805"/>
          <TextEquiv conf="0.804579">
            <Unicode>Johannes</Unicode>
          </TextEquiv>
        </Word>
        <TextEquiv conf="0.89129347">
          <Unicode>ſerunt, quo factum, ut Dux Johannes</Unicode>
        </TextEquiv>
      </TextLine>
      <TextLine id="region0002_line0027" custom="readingOrder {index:25;}">
        <Coords points="557,1853 548,1859 488,1855 478,1858 432,1860 424,1856 415,1856 408,1861 373,1870 333,1867 332,1862 309,1862 307,1867 292,1867 290,1862 284,1859 271,1859 266,1862 265,1868 253,1869 245,1861 229,1861 222,1866 206,1862 170,1865 169,1916 280,1916 282,1922 295,1925 304,1922 306,1916 334,1912 407,1914 430,1912 439,1908 451,1911 507,1911 521,1907 582,1909 590,1903 599,1902 605,1908 618,1909 794,1906 816,1910 818,1915 831,1919 842,1916 844,1911 1047,1913 1048,1868 1020,1868 1018,1861 1014,1859 1000,1859 995,1862 994,1867 937,1868 829,1865 820,1864 809,1856 795,1858 793,1864 748,1865 746,1857 737,1854 710,1854 700,1862 632,1862 626,1855 606,1857 604,1861 584,1862 575,1861 569,1854"/>
        <Baseline points="169,1906 552,1898 1047,1903"/>
        <Word id="region0002_line0027_word0000" custom="readingOrder {index:0;}">
          <Coords points="180,1865 180,1916 280,1916 281,1919 304,1919 306,1916 334,1912 386,1913 386,1866 373,1870 333,1867 332,1864 308,1864 307,1867 292,1867 290,1864 265,1864 265,1868 253,1869 248,1864 223,1864 222,1866 217,1864"/>
          <TextEquiv conf="0.8933533">
            <Unicode>Adolphus</Unicode>
          </TextEquiv>
        </Word>
        <Word id="region0002_line0027_word0001" custom="readingOrder {index:1;}">
          <Coords points="402,1864 445,1863 445,1903 402,1904"/>
          <TextEquiv conf="0.7799685">
            <Unicode>A.</Unicode>
          </TextEquiv>
        </Word>
        <Word id="region0002_line0027_word0002" custom="readingOrder {index:2;}">
          <Coords points="455,1865 539,1865 539,1907 455,1907"/>
          <TextEquiv>
            <Unicode>1681.</Unicode>
          </TextEquiv>
        </Word>
        <Word id="region0002_line0027_word0003" custom="readingOrder {index:3;}">
          <Coords points="557,1862 557,1904 589,1903 590,1903 599,1902 600,1903 649,1903 649,1862 632,1862 631,1861 591,1861 584,1862 581,1861"/>
          <TextEquiv conf="0.85926">
            <Unicode>huic</Unicode>
          </TextEquiv>
        </Word>
        <Word id="region0002_line0027_word0004" custom="readingOrder {index:4;}">
          <Coords points="701,1860 700,1862 657,1862 657,1902 813,1901 813,1860 794,1860 793,1864 748,1865 746,1860"/>
          <TextEquiv>
            <Unicode>ceſſioni</Unicode>
          </TextEquiv>
        </Word>
        <Word id="region0002_line0027_word0005" custom="readingOrder {index:5;}">
          <Coords points="893,1873 825,1873 825,1912 843,1912 844,1911 893,1911"/>
          <TextEquiv conf="0.9137407">
            <Unicode>per</Unicode>
          </TextEquiv>
        </Word>
        <Word id="region0002_line0027_word0006" custom="readingOrder {index:6;}">
          <Coords points="997,1860 995,1862 994,1867 937,1868 903,1867 903,1901 1038,1900 1038,1868 1020,1868 1018,1861 1016,1860"/>
          <TextEquiv conf="0.9137407">
            <Unicode>omnia</Unicode>
          </TextEquiv>
        </Word>
        <TextEquiv>
          <Unicode>Adolphus A. 1681. huic ceſſioni per omnia</Unicode>
        </TextEquiv>
      </TextLine>
      <TextLine id="region0002_line0028" custom="readingOrder {index:26;}">
        <Coords points="590,1904 582,1910 581,1915 557,1914 543,1908 521,1908 507,1912 491,1911 476,1916 454,1917 452,1912 439,1909 429,1913 428,1917 360,1923 351,1923 349,1915 344,1913 334,1913 326,1916 324,1923 303,1923 295,1926 275,1922 169,1921 169,1966 244,1968 260,1964 279,1969 368,1969 415,1967 421,1963 438,1966 453,1962 473,1965 509,1959 524,1963 601,1962 604,1968 616,1971 628,1969 636,1959 676,1959 700,1962 864,1961 887,1965 1014,1964 1047,1967 1047,1920 1042,1919 907,1920 856,1917 831,1920 804,1908 794,1907 781,1909 777,1914 762,1916 756,1916 755,1911 750,1908 734,1908 730,1910 729,1916 605,1914 605,1909 599,1903"/>
        <Baseline points="169,1956 349,1959 695,1950 1047,1956"/>
        <Word id="region0002_line0028_word0000" custom="readingOrder {index:0;}">
          <Coords points="435,1910 429,1913 428,1917 360,1923 351,1923 349,1915 344,1913 334,1913 326,1916 324,1923 303,1923 295,1926 275,1922 181,1921 181,1954 473,1952 473,1916 454,1917 452,1912 444,1910"/>
          <TextEquiv conf="0.7929292">
            <Unicode>renunciaverit.</Unicode>
          </TextEquiv>
        </Word>
        <Word id="region0002_line0028_word0001" custom="readingOrder {index:1;}">
          <Coords points="593,1903 590,1904 582,1910 581,1915 557,1914 543,1908 525,1908 525,1962 601,1962 601,1963 632,1963 636,1959 676,1959 700,1962 718,1961 718,1915 605,1914 605,1909 599,1903"/>
          <TextEquiv conf="0.8868806">
            <Unicode>Integrum</Unicode>
          </TextEquiv>
        </Word>
        <Word id="region0002_line0028_word0002" custom="readingOrder {index:2;}">
          <Coords points="738,1911 738,1953 1039,1951 1039,1919 907,1920 856,1917 831,1920 810,1911 780,1911 777,1914 762,1916 756,1916 755,1911 755,1911"/>
          <TextEquiv conf="0.86807775">
            <Unicode>inſtrumentum</Unicode>
          </TextEquiv>
        </Word>
        <TextEquiv conf="0.84929585">
          <Unicode>renunciaverit. Integrum inſtrumentum</Unicode>
        </TextEquiv>
      </TextLine>
      <TextLine id="region0002_line0029" custom="readingOrder {index:27;}">
        <Coords points="498,1960 478,1970 473,1970 471,1965 465,1963 453,1963 440,1969 429,1963 421,1964 415,1968 413,1976 272,1974 269,1968 260,1965 247,1967 242,1973 169,1972 170,2010 178,2008 187,2015 232,2017 249,2014 259,2018 284,2015 291,2020 299,2021 305,2021 314,2013 324,2021 364,2021 374,2018 391,2021 432,2020 444,2017 484,2019 520,2014 532,2017 693,2013 699,2016 756,2014 778,2016 932,2015 957,2018 1048,2016 1047,1973 1020,1974 1019,1968 1014,1965 1001,1965 995,1972 982,1972 885,1970 879,1963 864,1962 851,1962 845,1968 837,1962 821,1962 816,1968 804,1967 802,1963 795,1961 775,1961 767,1967 746,1968 739,1961 727,1961 718,1969 685,1967 676,1960 636,1960 628,1970 614,1972 605,1969 521,1969 518,1963 513,1961"/>
        <Baseline points="170,2004 352,2011 1048,2006"/>
        <Word id="region0002_line0029_word0000" custom="readingOrder {index:0;}">
          <Coords points="180,1982 224,1982 225,2009 181,2009"/>
          <TextEquiv conf="0.8486439">
            <Unicode>ea</Unicode>
          </TextEquiv>
        </Word>
        <Word id="region0002_line0029_word0001" custom="readingOrder {index:1;}">
          <Coords points="242,1971 242,1973 239,1972 240,2010 288,2009 287,1974 272,1974 270,1971"/>
          <TextEquiv conf="0.8912294">
            <Unicode>de</Unicode>
          </TextEquiv>
        </Word>
        <Word id="region0002_line0029_word0002" custom="readingOrder {index:2;}">
          <Coords points="304,1984 343,1984 344,2010 305,2010"/>
          <TextEquiv conf="0.8912294">
            <Unicode>re</Unicode>
          </TextEquiv>
        </Word>
        <Word id="region0002_line0029_word0003" custom="readingOrder {index:3;}">
          <Coords points="415,1968 415,1968 413,1976 361,1975 362,2012 586,2011 585,1969 521,1969 520,1967 483,1967 478,1970 473,1970 472,1968 443,1968 440,1969 438,1968"/>
          <TextEquiv conf="0.88873285">
            <Unicode>confectum</Unicode>
          </TextEquiv>
        </Word>
        <Word id="region0002_line0029_word0004" custom="readingOrder {index:4;}">
          <Coords points="630,1967 628,1970 614,1972 605,1969 600,1969 601,2008 759,2008 758,1967 746,1968 745,1967 720,1967 718,1969 685,1967"/>
          <TextEquiv conf="0.9143576">
            <Unicode>adducit</Unicode>
          </TextEquiv>
        </Word>
        <Word id="region0002_line0029_word0005" custom="readingOrder {index:5;}">
          <Coords points="774,1967 775,2008 984,2007 983,1972 982,1972 885,1970 882,1966 846,1967 845,1968 843,1967 817,1967 816,1968 804,1967 804,1967"/>
          <TextEquiv conf="0.9025671">
            <Unicode>Schilterus</Unicode>
          </TextEquiv>
        </Word>
        <Word id="region0002_line0029_word0006" custom="readingOrder {index:6;} textStyle {offset:0; length:2;italic:true; fontSize:0.0; kerning:0;}">
          <Coords points="998,1968 996,1970 997,2006 1042,2006 1041,1973 1020,1974 1019,1968"/>
          <TextEquiv conf="0.91958773">
            <Unicode>in</Unicode>
          </TextEquiv>
        </Word>
        <TextEquiv conf="0.89376396">
          <Unicode>ea de re confectum adducit Schilterus in</Unicode>
        </TextEquiv>
      </TextLine>
      <TextLine id="region0002_line0030" custom="readingOrder {index:28;}">
        <Coords points="172,2009 170,2067 227,2067 247,2070 260,2075 270,2075 279,2070 326,2068 331,2077 350,2082 371,2080 381,2074 496,2075 576,2068 641,2065 709,2068 726,2066 731,2069 774,2068 810,2064 815,2067 836,2066 956,2073 969,2070 981,2070 986,2073 995,2070 1006,2073 1015,2070 1048,2070 1048,2025 1008,2022 943,2024 942,2018 932,2016 918,2018 916,2026 902,2027 863,2023 776,2024 771,2022 769,2016 756,2015 700,2023 699,2017 693,2014 681,2014 676,2017 675,2023 543,2026 534,2025 533,2018 520,2015 471,2022 455,2022 448,2018 435,2019 430,2022 429,2028 395,2032 393,2023 385,2019 360,2022 356,2028 324,2027 324,2022 317,2014 312,2015 304,2027 292,2026 291,2021 284,2016 270,2017 265,2023 249,2015 235,2016 231,2022 188,2023 184,2013"/>
        <Baseline points="170,2057 370,2066 617,2056 1048,2060"/>
        <Word id="region0002_line0030_word0000" custom="readingOrder {index:0;} textStyle {offset:0; length:4;italic:true; fontSize:0.0; kerning:0;}">
          <Coords points="175,2057 256,2057 256,2018 249,2015 235,2016 231,2022 188,2023 184,2013 175,2010"/>
          <TextEquiv conf="0.84823143">
            <Unicode>cod.</Unicode>
          </TextEquiv>
        </Word>
        <Word id="region0002_line0030_word0001" custom="readingOrder {index:1;} textStyle {offset:0; length:4;italic:true; fontSize:0.0; kerning:0;}">
          <Coords points="259,2064 340,2064 340,2027 324,2027 324,2022 317,2014 312,2015 304,2027 292,2026 291,2021 284,2016 270,2017 265,2023 259,2020"/>
          <TextEquiv conf="0.8922152">
            <Unicode>jur.</Unicode>
          </TextEquiv>
        </Word>
        <Word id="region0002_line0030_word0002" custom="readingOrder {index:2;} textStyle {offset:0; length:5;italic:true; fontSize:0.0; kerning:0;}">
          <Coords points="346,2070 452,2069 452,2020 448,2018 435,2019 430,2022 429,2028 395,2032 393,2023 385,2019 360,2022 356,2028 346,2027"/>
          <TextEquiv conf="0.58216447">
            <Unicode>feud.</Unicode>
          </TextEquiv>
        </Word>
        <Word id="region0002_line0030_word0003" custom="readingOrder {index:3;} textStyle {offset:0; length:8;italic:true; fontSize:0.0; kerning:0;}">
          <Coords points="472,2057 659,2056 659,2023 543,2026 534,2025 533,2018 520,2015 472,2021"/>
          <TextEquiv conf="0.8799675">
            <Unicode>Alemann.</Unicode>
          </TextEquiv>
        </Word>
        <Word id="region0002_line0030_word0004" custom="readingOrder {index:4;} textStyle {offset:0; length:2;italic:true; fontSize:0.0; kerning:0;}">
          <Coords points="677,2053 715,2053 715,2020 700,2023 699,2017 693,2014 681,2014 677,2016"/>
          <TextEquiv conf="0.8799675">
            <Unicode>in</Unicode>
          </TextEquiv>
        </Word>
        <Word id="region0002_line0030_word0005" custom="readingOrder {index:5;} textStyle {offset:0; length:5;italic:true; fontSize:0.0; kerning:0;}">
          <Coords points="731,2055 862,2054 862,2023 776,2024 771,2022 769,2016 756,2015 731,2018"/>
          <TextEquiv conf="0.8814811">
            <Unicode>Comm.</Unicode>
          </TextEquiv>
        </Word>
        <Word id="region0002_line0030_word0006" custom="readingOrder {index:6;} textStyle {offset:0; length:2;italic:true; fontSize:0.0; kerning:0;}">
          <Coords points="881,2053 934,2053 934,2016 932,2016 918,2018 916,2026 902,2027 881,2024"/>
          <TextEquiv conf="0.8814811">
            <Unicode>ad</Unicode>
          </TextEquiv>
        </Word>
        <Word id="region0002_line0030_word0007" custom="readingOrder {index:7;} textStyle {offset:0; length:2;italic:true; fontSize:0.0; kerning:0;}">
          <Coords points="945,2025 971,2025 971,2051 945,2051"/>
          <TextEquiv conf="0.8555277">
            <Unicode>c.</Unicode>
          </TextEquiv>
        </Word>
        <Word id="region0002_line0030_word0008" custom="readingOrder {index:8;} textStyle {offset:0; length:3;italic:true; fontSize:0.0; kerning:0;}">
          <Coords points="987,2059 1043,2059 1043,2024 1008,2022 987,2022"/>
          <TextEquiv>
            <Unicode>89.</Unicode>
          </TextEquiv>
        </Word>
        <TextEquiv>
          <Unicode>cod. jur. feud. Alemann. in Comm. ad c. 89.</Unicode>
        </TextEquiv>
      </TextLine>
      <TextLine id="region0002_line0031" custom="readingOrder {index:29;}">
        <Coords points="195,2067 184,2072 169,2072 169,2131 253,2128 292,2118 309,2122 338,2119 350,2125 375,2127 451,2126 474,2137 488,2136 496,2126 513,2125 525,2128 631,2126 633,2131 647,2134 655,2131 658,2125 762,2123 779,2118 792,2118 798,2121 845,2120 852,2124 856,2132 862,2134 879,2132 881,2124 1047,2124 1047,2087 1031,2086 1031,2074 1026,2071 1008,2074 1001,2071 988,2074 969,2071 963,2077 912,2078 823,2075 818,2074 816,2068 810,2065 795,2065 787,2068 783,2074 734,2076 732,2070 717,2067 712,2069 709,2077 654,2077 650,2067 641,2066 624,2069 564,2070 558,2071 555,2079 549,2081 401,2083 393,2075 381,2075 371,2081 350,2083 331,2078 326,2069 304,2069 298,2073 260,2076 252,2074 209,2072 206,2068"/>
        <Baseline points="169,2116 279,2110 473,2119 767,2111 1047,2114"/>
        <Word id="region0002_line0031_word0000" custom="readingOrder {index:0;} textStyle {offset:0; length:4;italic:true; fontSize:0.0; kerning:0;}">
          <Coords points="254,2078 183,2078 183,2128 253,2128 254,2127"/>
          <TextEquiv>
            <Unicode>§.5.</Unicode>
          </TextEquiv>
        </Word>
        <Word id="region0002_line0031_word0001" custom="readingOrder {index:1;}">
          <Coords points="305,2078 305,2117 362,2117 362,2081 350,2083 331,2078"/>
          <TextEquiv conf="0.90898913">
            <Unicode>Ita</Unicode>
          </TextEquiv>
        </Word>
        <Word id="region0002_line0031_word0002" custom="readingOrder {index:2;}">
          <Coords points="378,2079 378,2117 419,2117 419,2082 401,2083 397,2079"/>
          <TextEquiv conf="0.5205474">
            <Unicode>in</Unicode>
          </TextEquiv>
        </Word>
        <Word id="region0002_line0031_word0003" custom="readingOrder {index:3;}">
          <Coords points="549,2089 428,2090 428,2126 451,2126 460,2130 492,2130 496,2126 513,2125 525,2128 549,2127"/>
          <TextEquiv conf="0.5205474">
            <Unicode>regno</Unicode>
          </TextEquiv>
        </Word>
        <Word id="region0002_line0031_word0004" custom="readingOrder {index:4;}">
          <Coords points="566,2076 566,2127 631,2126 632,2130 656,2130 658,2125 759,2123 759,2075 758,2075 734,2076 734,2075 710,2075 709,2077 654,2077 653,2076"/>
          <TextEquiv conf="0.87601054">
            <Unicode>Hiſpaniæ</Unicode>
          </TextEquiv>
        </Word>
        <Word id="region0002_line0031_word0005" custom="readingOrder {index:5;}">
          <Coords points="786,2072 786,2118 792,2118 798,2121 845,2120 852,2124 853,2127 880,2127 881,2124 1044,2124 1044,2087 1031,2086 1031,2074 1026,2071 1026,2071 1008,2074 1001,2071 1000,2071 988,2074 971,2071 969,2071 963,2077 912,2078 823,2075 818,2074 817,2072"/>
          <TextEquiv conf="0.63417035">
            <Unicode>frequentiſſi-</Unicode>
          </TextEquiv>
        </Word>
        <TextEquiv>
          <Unicode>§.5. Ita in regno Hiſpaniæ frequentiſſi-</Unicode>
        </TextEquiv>
      </TextLine>
      <TextLine id="region0002_line0032" custom="readingOrder {index:30;}">
        <Coords points="292,2119 284,2122 283,2127 169,2132 170,2177 255,2172 275,2174 380,2172 386,2175 609,2179 618,2180 625,2189 632,2189 640,2183 676,2181 751,2180 758,2185 769,2185 792,2174 826,2173 847,2178 854,2185 862,2185 870,2179 897,2179 899,2187 906,2192 924,2190 928,2188 931,2180 990,2180 1005,2177 1011,2180 1048,2180 1047,2132 1002,2132 1000,2126 992,2123 977,2126 975,2132 970,2132 969,2127 964,2124 950,2123 945,2126 944,2131 891,2132 864,2136 853,2133 851,2124 845,2121 828,2120 806,2120 800,2123 792,2119 779,2119 770,2122 766,2130 678,2130 656,2131 647,2135 634,2132 528,2134 526,2129 513,2126 496,2127 488,2137 474,2138 451,2127 440,2127 434,2132 350,2131 347,2123 338,2120 326,2120 317,2123 315,2127 310,2127 304,2120"/>
        <Baseline points="170,2166 380,2163 634,2173 801,2166 1048,2170"/>
        <Word id="region0002_line0032_word0000" custom="readingOrder {index:0;}">
          <Coords points="247,2143 183,2143 184,2173 238,2173 247,2172"/>
          <TextEquiv conf="0.9246971">
            <Unicode>me</Unicode>
          </TextEquiv>
        </Word>
        <Word id="region0002_line0032_word0001" custom="readingOrder {index:1;}">
          <Coords points="264,2128 265,2171 453,2170 452,2127 451,2127 439,2127 434,2132 350,2131 348,2127"/>
          <TextEquiv conf="0.9096724">
            <Unicode>obſervari</Unicode>
          </TextEquiv>
        </Word>
        <Word id="region0002_line0032_word0002" custom="readingOrder {index:2;}">
          <Coords points="493,2129 488,2137 481,2137 481,2176 534,2177 637,2177 636,2132 634,2132 528,2134 526,2129"/>
          <TextEquiv conf="0.88295794">
            <Unicode>dicunt,</Unicode>
          </TextEquiv>
        </Word>
        <Word id="region0002_line0032_word0003" custom="readingOrder {index:3;}">
          <Coords points="663,2137 707,2137 708,2170 664,2170"/>
          <TextEquiv conf="0.9027707">
            <Unicode>ut</Unicode>
          </TextEquiv>
        </Word>
        <Word id="region0002_line0032_word0004" custom="readingOrder {index:4;}">
          <Coords points="771,2121 770,2122 766,2130 723,2130 724,2175 790,2174 792,2174 826,2173 831,2174 868,2174 867,2135 864,2136 853,2133 851,2124 845,2121 803,2121 800,2123 796,2121"/>
          <TextEquiv conf="0.8626126">
            <Unicode>vaſalli,</Unicode>
          </TextEquiv>
        </Word>
        <Word id="region0002_line0032_word0005" custom="readingOrder {index:5;}">
          <Coords points="964,2179 963,2125 946,2125 945,2126 944,2131 894,2132 895,2179 897,2179 897,2180"/>
          <TextEquiv conf="0.8934373">
            <Unicode>qui</Unicode>
          </TextEquiv>
        </Word>
        <Word id="region0002_line0032_word0006" custom="readingOrder {index:6;}">
          <Coords points="982,2125 983,2167 1042,2167 1041,2132 1002,2132 1000,2126 997,2125"/>
          <TextEquiv conf="0.8934373">
            <Unicode>in-</Unicode>
          </TextEquiv>
        </Word>
        <TextEquiv conf="0.89565504">
          <Unicode>me obſervari dicunt, ut vaſalli, qui in-</Unicode>
        </TextEquiv>
      </TextLine>
      <TextEquiv>
        <Unicode>evidentibus ibidem adductis. Manent&#13;
ea adhuc inconcuſſa, neque mutamus&#13;
ſententiam noſtram ibi propoſitam. Hoc&#13;
tamen addimus, quod interdum propter&#13;
jura ſpecialia leges ſundamentales &amp; pa-&#13;
cta celebrata dominus poteſtatem alie-&#13;
nandi habere non poſſit, ita tamen ut ſi&#13;
nihilominus alienet, feloniam non com-&#13;
mittat, ſed alienatio pro non facta habea-&#13;
tur, vel ut vaſallis a poteſtate novi domi-&#13;
ni, cui alienans eos ſubjicere voluit fa-&#13;
cultas ſeſe eximendi competat. Ita cum&#13;
Anno 1660. Johannes Georgius II. Elector&#13;
Saxoniæ Nobilitatem Schriftſaſſicam in&#13;
Præfecturis Weiſſenfelſenſi &amp; Friburgenſi&#13;
ignorantem &amp; invitam, ceſſerat fratri Se-&#13;
reniſſimo, Adminiſtratori tunc temporis&#13;
archiepiſcopatus Magdeburgici, Duci&#13;
Auguſto, vaſalli huic non ſolum inveſti-&#13;
turæ receptionem denegarunt, verum &amp;&#13;
reliqui Status provinciales in proxime&#13;
ſubſecutis comitiis provincialibus An.&#13;
1661. per literas ea de re graviter conque-&#13;
ſti fuerunt, &amp; caſſationem ceſſionis ur-&#13;
ſerunt, quo factum, ut Dux Johannes&#13;
Adolphus A. 1681. huic ceſſioni per omnia&#13;
renunciaverit. Integrum inſtrumentum&#13;
ea de re confectum adducit Schilterus in&#13;
cod. jur. feud. Alemann. in Comm. ad c. 89.&#13;
§.5. Ita in regno Hiſpaniæ frequentiſſi-&#13;
me obſervari dicunt, ut vaſalli, qui in-</Unicode>
      </TextEquiv>
    </TextRegion>
  </Page>
</PcGts>
