2618 3300
390 813 500 872 ſchen
519 816 606 871 ihm
625 817 709 865 und
730 813 914 879 Klaͤgern
942 814 1156 876 ehemahls
1183 829 1261 870 vor
1280 820 1463 880 beſagter
1479 820 1626 881 Fuͤrſtl.
1648 815 1797 884 Regie⸗

390 886 498 933 rung
528 877 789 936 anhaͤngigen
818 877 1153 934 Injurien⸗Sache
1169 879 1483 941 aufgerichteten
1509 881 1797 942 Zeugniß⸗Ro-

389 939 501 977 tulos
513 938 585 976 ſub
598 943 640 984 ☉
653 941 737 982 und
749 942 777 985 ☽
789 934 866 983 mit
876 944 924 993 zu
935 935 1147 982 induciren
1157 935 1371 995 gemeinet,
1391 937 1430 995 ſo
1450 939 1563 999 will,
1587 940 1638 992 ob
1649 939 1793 1000 ſolches

390 996 468 1045 mit
479 994 695 1051 Beſtande
703 996 915 1051 geſchehen
933 998 1078 1052 koͤnne,
1093 998 1285 1055 Zweiffel
1303 1002 1540 1059 entſtehen?

446 1057 505 1102 O.
520 1061 559 1099 n.
573 1063 629 1100 w.
642 1055 891 1113 angefuͤhret
899 1054 1064 1104 werden
1073 1052 1242 1114 moͤchte,
1254 1056 1336 1114 daß
1346 1058 1526 1113 Winter
1537 1060 1613 1119 bey
1623 1059 1694 1114 der
1705 1060 1792 1120 ihm

389 1116 643 1169 auferlegten
670 1112 997 1175 Beſcheinigung
1023 1109 1089 1160 die
1113 1112 1285 1173 Zeugen
1305 1118 1560 1179 produciret,
1579 1122 1699 1174 Bekl.
1716 1120 1792 1173 mit

380 1174 523 1223 ſeinen
541 1171 871 1227 Interrogatoriis
881 1163 1130 1225 zuzulaſſen,
1149 1171 1232 1221 und
1244 1169 1352 1227 nicht
1362 1183 1442 1222 nur
1454 1171 1566 1234 ſchon
1578 1173 1793 1235 verfertig⸗

389 1239 428 1276 te
441 1233 617 1273 Rotulos
628 1227 870 1287 uͤbergeben,
888 1228 1080 1284 demnach
1097 1233 1220 1286 Bekl.
1240 1233 1374 1292 billich
1393 1233 1468 1291 bey
1488 1234 1615 1296 ſeiner
1633 1236 1793 1298 Gegen⸗

388 1292 691 1348 beſcheinigung
702 1284 944 1343 dergleichen
954 1287 1052 1344 auch
1069 1290 1175 1348 thun
1185 1292 1326 1354 ſollen,
1349 1292 1433 1344 und
1446 1293 1548 1354 ihm,
1568 1295 1648 1351 daß
1668 1309 1711 1347 er
1729 1297 1793 1349 die

378 1356 635 1411 angeregten
648 1344 822 1389 Rotulos
835 1342 965 1404 dabey
976 1356 1056 1396 nur
1067 1347 1269 1405 inducire,
1288 1347 1395 1406 nicht
1410 1359 1460 1410 zu
1469 1351 1695 1412 verſtatten
1714 1353 1791 1413 ſey,

388 1414 567 1464 zumahl,
578 1410 632 1457 da
641 1406 742 1466 dieſe
752 1406 796 1456 in
814 1403 925 1457 einer
943 1407 1101 1462 andern
1111 1408 1257 1470 Sache
1276 1410 1555 1477 aufgerichtet,
1575 1415 1795 1477 hiernechſt

389 1473 470 1518 auf
474 1472 590 1526 ſolche
600 1465 717 1522 maße
727 1461 912 1523 Klaͤgern
925 1466 1027 1523 ſeine
1039 1468 1361 1530 Interrogatoria
1372 1470 1670 1536 abgeſchnitten
1682 1475 1792 1528 wuͤr⸗

378 1531 479 1577 den.
594 1529 659 1580 D.
680 1537 720 1577 a.
738 1525 778 1573 d.
798 1525 845 1574 in
870 1524 943 1575 der
959 1526 1052 1589 jetzo
1068 1525 1330 1593 anhaͤngigen
1350 1532 1671 1594 Rechts⸗Sache
1687 1537 1793 1595 nicht

381 1588 468 1641 auf
473 1580 653 1636 Beweiß
669 1581 753 1632 und
770 1578 1078 1647 Gegenbeweiß,
1099 1581 1263 1646 ſondern
1273 1587 1603 1651 Beſcheinigung
1614 1595 1696 1642 und
1707 1597 1790 1646 Ge⸗

386 1639 811 1704 gen⸗Beſcheinigung
823 1643 1007 1703 erkannt,
1023 1645 1097 1705 bey
1115 1646 1361 1710 dergleichen
1381 1648 1483 1702 aber
1500 1652 1789 1714 Zeugniß⸗Ro-

385 1704 501 1758 tulos
510 1704 552 1763 zu
574 1695 798 1760 uͤbergeben
825 1693 1127 1763 unbenommen,
1151 1704 1236 1754 und
1255 1705 1336 1760 daß
1354 1707 1426 1758 der
1443 1708 1696 1771 Gegentheil
1712 1714 1791 1764 mit

383 1760 519 1817 ſeinen
547 1760 881 1814 Interrogatoriis
909 1762 953 1807 in
978 1762 1142 1817 ſolchem
1164 1764 1258 1822 Fall
1274 1764 1444 1825 gehoͤret
1459 1771 1627 1820 werden
1645 1772 1789 1831 muͤſſe,

382 1810 581 1872 nirgends
589 1807 830 1875 gegruͤndet,
837 1812 1047 1865 Wintern
1056 1818 1154 1872 auch
1173 1818 1256 1875 auf
1265 1820 1368 1877 dieſe
1386 1823 1511 1883 maſſe
1524 1829 1728 1882 ebenfalls
1740 1844 1787 1884 zu

382 1867 611 1932 verfahren
618 1867 936 1942 freygeſtanden,
949 1865 1026 1922 und
1040 1870 1119 1929 daß
1130 1887 1173 1927 er
1191 1878 1263 1936 ſich
1279 1877 1414 1938 deſſen
1430 1884 1539 1935 nicht
1554 1890 1790 1943 gebraucht,

384 1932 503 1981 Bekl.
532 1928 639 1988 nicht
655 1926 811 1987 bindet,
835 1936 883 1987 zu
899 1926 1187 1992 geſchweigen,
1205 1933 1287 1990 daß
1306 1935 1413 1994 ohne
1429 1939 1523 1987 dem
1541 1949 1696 1994 vorhin
1713 1953 1788 2002 bey

381 1990 661 2048 Aufrichtung
695 1987 927 2047 erwehnter
959 1990 1213 2039 Rotulorum
1243 1992 1427 2047 Winter
1463 2000 1790 2056 Interrogatoria

382 2051 628 2104 uͤbergeben,
649 2047 734 2094 und
752 2044 816 2094 die
831 2043 1002 2104 Zeugen
1029 2041 1214 2098 daruͤber
1230 2050 1400 2110 zugleich
1421 2054 1499 2101 mit
1515 2062 1787 2106 vernommen

382 2112 571 2162 worden,
595 2103 746 2162 endlich
766 2106 846 2161 daß
864 2105 982 2161 ſolche
1001 2105 1044 2155 in
1061 2107 1176 2159 einer
1196 2109 1356 2163 andern
1375 2111 1519 2171 Sache
1545 2120 1784 2177 abgehoͤret,

382 2166 460 2221 bey
469 2169 600 2216 denen
614 2165 692 2216 mit
708 2162 1003 2223 einlauffenden
1011 2162 1264 2228 Umſtaͤnden
1283 2168 1508 2233 hierwider
1527 2182 1658 2233 nichts
1678 2189 1785 2231 thut.

383 2225 463 2275 So
474 2228 625 2283 moͤchte
638 2224 708 2277 der
725 2233 811 2277 von
820 2225 875 2278 T.
890 2223 956 2275 die
970 2234 1083 2285 zwey
1101 2229 1283 2278 Rotulos
1300 2230 1372 2278 ſub
1384 2241 1427 2287 ☉
1439 2240 1523 2283 und
1534 2247 1560 2286 ☽
1573 2245 1647 2293 bey
1658 2248 1785 2296 ſeiner

382 2279 872 2346 Gegen⸗Beſcheinigung
891 2276 987 2342 wohl
1005 2281 1220 2350 induciren,
1238 2285 1371 2352 jedoch
1382 2297 1427 2352 iſt
1447 2308 1492 2343 er
1503 2302 1627 2345 deren
1648 2310 1783 2357 Reco-

383 2347 550 2399 gnition
567 2355 654 2397 von
670 2335 916 2409 Gegentheil
933 2354 982 2405 zu
1001 2344 1140 2407 ſuchen
1159 2350 1266 2410 nicht
1284 2353 1536 2415 berechtiget.
1556 2368 1613 2418 V.
1626 2377 1689 2421 R.
1701 2379 1782 2425 W.

455 2421 641 2482 XXVI.
674 2422 833 2492 Super
849 2411 1055 2473 articulis
1081 2424 1577 2500 reprobatorialibus,
1601 2443 1687 2502 qui
1710 2441 1783 2504 di-

383 2487 525 2540 reƈto
542 2491 778 2545 contrarii
795 2488 901 2546 ſunt
917 2484 1201 2560 probationi
1220 2504 1414 2566 aƈtoris,
1432 2508 1782 2566 Juramentum

385 2555 565 2613 deferri
593 2560 784 2630 nequit.

440 2635 524 2677 Aut
535 2637 648 2681 enim
660 2634 792 2700 probat
816 2632 940 2699 aƈtor,
955 2650 1024 2686 aut
1035 2640 1171 2689 deficit
1183 2651 1223 2698 in
1236 2651 1501 2712 probatione,
1507 2658 1578 2710 illo
1582 2661 1670 2714 caſu
1681 2674 1777 2712 con-

382 2694 544 2741 ſcientia
554 2693 674 2752 ipſius
685 2709 759 2753 per
768 2695 1038 2756 depoſitiones
1048 2709 1211 2747 teſtium
1231 2715 1295 2746 vel
1311 2716 1565 2766 documenta
1588 2722 1705 2763 ſimul
1722 2722 1776 2763 eſt

381 2751 640 2812 defenſa;hoc
660 2768 764 2810 vero,
769 2764 856 2819 cum
870 2757 1005 2808 aƈtore
1016 2775 1102 2808 non
1113 2771 1320 2822 probante
1330 2776 1601 2824 abſolvendus
1609 2777 1774 2821 ſitReus,
