3264 4580
449 587 683 678 TESTAM.
683 587 938 678 NUNCUP.
938 587 1166 678 IMPLIC:
1166 587 1316 678 REM.
1316 587 1402 678 EX
1402 587 1473 678 L.
1473 587 1647 678 TOLL.
1647 587 1753 678 ED.
1753 587 1834 678 D.
1834 587 1972 678 ADR.

2075 633 2168 695 763

882 718 1496 791 SUMMARIA

285 850 313 882 1.
331 838 599 894 Teſtamentum,
611 845 655 883 in
669 850 742 901 quô
763 854 915 886 teſtium
931 854 1049 897 ſigilla
1069 857 1159 897 deſi-

343 897 452 948 ciunt,
461 897 577 938 valere
593 913 666 939 non
672 911 781 956 poſſe,
790 914 835 966 ùt
851 915 1039 952 ſcriptum.

288 968 319 997 2.
336 963 408 998 Nec
423 954 715 1013 nuncupativum
729 977 812 1024 eſſe,
825 971 863 1013 ſi
872 973 1030 1014 Teſtator
1046 975 1158 1028 dicat,

341 1010 434 1053 hanc
441 1011 550 1068 ſuam
563 1020 627 1069 eſſe
638 1022 894 1082 voluntatem,
902 1033 946 1079 eâ
963 1044 1047 1082 non
1061 1049 1161 1086 nun-

342 1084 485 1132 cupatâ.

282 1143 317 1178 3.
325 1146 372 1173 21.
380 1136 465 1186 Ejus
472 1135 647 1188 teſtatoris
653 1142 956 1192 voluntatem,qui
963 1150 1004 1176 in
1013 1147 1156 1191 ſcriptis

339 1187 460 1240 teſtari
467 1192 593 1237 voluit,
603 1206 675 1231 non
682 1201 813 1235 valere,
818 1202 856 1241 ſi
858 1202 993 1244 ſolùm,
1010 1203 1053 1228 ùt
1062 1218 1160 1230 nun-

339 1249 554 1301 cupativum
572 1252 836 1303 teſtamentum,
843 1263 963 1289 valere
973 1264 1101 1305 poſſet.

287 1308 324 1344 4.
337 1315 388 1340 21.
407 1309 479 1342 Nec
493 1306 612 1343 valere
615 1319 688 1357 per
704 1314 755 1343 Cl.
771 1314 883 1368 omni
900 1321 1040 1373 modô,
1048 1321 1093 1377 ſi
1099 1328 1152 1374 te-

327 1350 448 1403 ſtator
462 1357 505 1392 ùt
509 1359 688 1408 ſcriptum
703 1371 823 1420 valere
833 1378 958 1423 voluit.

279 1422 313 1459 5.
334 1415 405 1468 Iſtâ
430 1420 679 1470 expresſione,
699 1428 739 1456 in
759 1429 977 1468 Teſtamentô
1001 1436 1153 1471 ſcriptô,

340 1492 422 1532 opus
438 1496 511 1521 non
526 1483 618 1536 eſſe;
634 1485 723 1536 quin
746 1485 793 1525 &
817 1488 856 1523 in
881 1493 919 1522 eô
943 1496 1160 1523 relativam

336 1528 477 1570 heredis
492 1540 558 1569 aut
567 1536 791 1584 implicitam
801 1541 1074 1584 deſignationem
1072 1553 1160 1586 ſuf-

329 1587 456 1637 ficere.

284 1648 318 1684 6.
332 1660 386 1695 27.
402 1648 535 1703 Quam
544 1648 584 1687 in
598 1649 856 1701 nuncupativô
863 1660 1040 1702 ſufficere,
1049 1669 1161 1703 Legi-

342 1691 410 1733 bus
432 1708 577 1735 cautum
592 1716 664 1734 non
685 1717 911 1765 reperiatur;
928 1725 1017 1783 quin
1028 1736 1160 1783 potius

343 1756 507 1811 explicita
524 1767 643 1799 omnia
655 1770 695 1800 in
711 1771 749 1802 eô
774 1772 970 1810 deſiderent.

288 1828 326 1866 7.
342 1819 498 1875 Indeque
510 1820 769 1872 Teſtamentum
778 1848 1078 1880 nuncupativum
1087 1844 1157 1900 im-

339 1876 523 1929 plicitum,
537 1878 554 1939 à
563 1882 728 1933 pluribus
736 1891 807 1922 Dd.
814 1897 884 1933 pro
901 1902 1010 1942 nullô
1022 1900 1161 1952 haberi.

288 1936 322 1973 8.
337 1934 563 1990 Nuncupare
578 1943 753 1988 quidnam
759 1951 905 1995 propriè
915 1959 981 2012 ſit,
995 1961 1036 2009 in
1050 1961 1162 2022 Legi⸗

342 1989 447 2035 bus.

271 2025 320 2075 9.
335 2043 385 2072 26.
400 2046 482 2075 Non
490 2050 587 2090 poſſe
601 2050 767 2108 formam
777 2064 938 2124 ſuppleri
952 2082 1022 2130 per
1045 2069 1162 2135 æqui-

347 2090 505 2155 pollens.

289 2172 337 2202 10.
352 2170 425 2204 Nec
445 2166 456 2206 à
482 2164 633 2207 teſtibus
643 2173 824 2220 publicari
830 2181 1029 2238 aliquando
1037 2191 1165 2240 volun-

338 2226 453 2262 tatem
465 2221 661 2276 Teſtatoris,
664 2231 762 2279 quam
782 2238 907 2289 iisdem
913 2255 996 2263 non
1004 2258 1167 2301 aperue-

343 2280 401 2321 rit.

275 2319 329 2361 11.
337 2328 418 2364 Non
426 2330 534 2365 etiam
542 2338 657 2368 videri
655 2358 832 2399 ſufficere,
839 2345 899 2404 ad
903 2340 1040 2406 hæredis
1058 2358 1164 2416 inſti-

345 2392 521 2429 tutionem
527 2399 836 2447 nuncupativam,
841 2414 876 2449 ſi
909 2414 1040 2446 Teſtator
1047 2418 1093 2481 in
1093 2418 1164 2480 ge-

342 2451 437 2482 nere
460 2435 617 2484 dixerit:
629 2458 691 2500 in
708 2461 777 2506 hac
789 2468 964 2524 ſchedulâ
988 2478 1167 2530 contineri

342 2495 450 2537 ſuam
463 2499 633 2545 ultimam
644 2517 912 2581 voluntatem.

285 2565 342 2599 12.
351 2560 464 2622 Quid
466 2561 507 2614 ſi
517 2575 562 2601 ne
574 2569 718 2616 quidem
732 2578 796 2603 hoc
804 2585 917 2618 ipſum
932 2568 1061 2629 dixiſſe
1073 2595 1164 2629 pro-

344 2614 424 2656 bari
440 2628 561 2668 queat.

287 2674 385 2712 13.31.
397 2667 445 2703 Et
461 2678 510 2703 an
522 2677 711 2718 prælectio
728 2693 931 2754 requiratur
941 2711 1108 2766 Schedæ,
1115 2715 1171 2776 ad

343 2748 455 2792 quam
472 2741 680 2799 Teſtator
641 2742 680 2802 ſe
697 2747 822 2788 refert.

275 2781 340 2832 14.
355 2784 524 2828 Præſumi
547 2803 619 2825 non
628 2802 728 2841 poſſe
752 2806 926 2869 ſolennia
940 2820 1163 2884 Teſtamen-

341 2846 444 2895 taria,
462 2860 523 2886 ceu
544 2861 749 2890 externa.

287 2914 331 2951 15.
341 2909 387 2947 Et
402 2921 466 2949 nec
481 2921 635 2962 rogatos
659 2929 782 2974 Teſtes,
789 2924 827 2968 eò
835 2926 941 2964 quòd
950 2936 1163 2998 ſubſcripſe-

338 2959 433 3010 rint;
454 2964 478 3005 &
504 2965 646 3017 quando
659 2975 773 3030 ſecùs.
783 2993 843 3039 37.
850 3000 913 3045 38.
930 3000 990 3049 39.

275 3003 333 3049 16.
350 3011 491 3051 Nullam
507 3024 611 3067 ineſſe
629 3029 703 3082 vim
731 3041 960 3100 Teſtamento
960 3070 1159 3113 nuncupa-

343 3068 437 3118 tivo,
454 3077 634 3126 quòusque
641 3092 875 3151 publicatum
883 3128 963 3163 non
973 3117 1099 3164 fuerit.

291 3134 339 3173 17.
357 3145 412 3179 43.
423 3135 605 3172 Pertinere
613 3147 911 3208 publicationem
920 3175 969 3207 ad
982 3179 1162 3227 effectum

344 3189 566 3239 validitatis;
573 3212 687 3235 etiam
699 3207 738 3250 in
748 3211 953 3270 teſtamentô
971 3233 1105 3279 ſcriptô.

287 3255 335 3291 18.
350 3251 405 3295 Eâ
424 3240 681 3305 publicatione
686 3256 808 3305 ſolùm
823 3275 865 3316 in
880 3279 947 3327 illis
974 3288 1166 3346 teſtamen-

343 3293 391 3343 tis
412 3316 492 3348 opus
510 3324 580 3352 non
597 3313 668 3367 eſſe,
689 3340 761 3367 quæ
774 3335 849 3374 jam
870 3343 941 3386 ſuâ
962 3355 1162 3399 auctorita-

344 3365 386 3403 te
401 3362 508 3408 fidem
526 3378 711 3422 publicam
727 3383 881 3437 faciant.

290 3421 405 3461 19.42.
429 3425 512 3467 Fide
530 3434 673 3479 teſtium
699 3442 771 3483 niti
794 3453 1043 3501 teſtamentum
1068 3481 1163 3515 nun-

349 3488 590 3544 cupativum,
616 3493 656 3536 &
691 3499 753 3537 vel
780 3503 862 3545 unô
887 3526 1021 3563 eorum,
1047 3532 1162 3577 ante

349 3537 655 3596 publicationem,
666 3560 851 3610 moriente,
864 3570 994 3616 nullum
1007 3581 1091 3633 eſſe;
1101 3589 1165 3636 niſi

345 3588 489 3658 deſuper
501 3600 672 3664 inſtrum.
696 3618 797 3670 publ.
817 3624 1029 3689 confectum
1028 3642 1166 3694 fuerit.

289 3648 349 3686 20.
365 3654 559 3722 Quòusque
565 3670 610 3721 de
617 3675 756 3719 viribus
774 3689 987 3731 teſtamenti
1004 3703 1077 3729 non
1085 3704 1167 3732 con-

293 3698 423 3749 ſtet,
438 3711 630 3763 legitimos
649 3727 718 3769 eſſe
721 3728 1029 3798 contradictores,
1039 3751 1102 3808 qui
1111 3760 1163 3809 ab

338 3754 467 3816 inteſt.
483 3782 643 3833 veniunt,
657 3794 721 3827 nec
732 3787 857 3843 heredi
864 3796 1003 3853 ſcripto
1020 3814 1161 3864 Remed.

350 3831 393 3860 ex
400 3821 439 3876 l.
459 3819 488 3878 f.
513 3831 557 3887 C.
582 3829 617 3893 d.
642 3836 711 3900 Ed.
738 3861 788 3901 D.
817 3853 907 3907 Adr.
932 3860 1013 3908 toll.
1030 3869 1166 3915 compe-

345 3880 438 3924 tere.

302 3924 344 3957 21.
357 3933 407 3961 22.
425 3931 462 3964 Si
474 3948 547 3983 non
560 3953 745 4004 appareat,
759 3960 859 4012 quòd
870 3969 1009 4034 teſtator
1027 3999 1168 4043 præcisè

353 3988 416 4029 vel
416 3988 453 4029 in
464 3990 599 4043 ſcriptis
617 4006 677 4030 vel
682 4027 908 4071 nuncupatò,
924 4032 1042 4096 teſtari
1050 4041 1167 4083 volue-

1272 881 1345 920 rit:
1351 878 1472 921 valere
1485 873 1827 934 teſtamentum,quô
1836 885 1978 931 genere
1983 877 2105 920 valere

1267 935 1395 991 poteſt.

1219 1006 1272 1042 23.
1288 997 1346 1034 Sic
1369 993 1391 1038 &
1409 994 1459 1047 ſi,
1469 994 1578 1036 nullô
1593 1005 1735 1048 genere
1751 992 1938 1046 expreſsô,
1948 991 2098 1041 dixerit,

1273 1049 1409 1095 valeat,
1420 1051 1494 1103 quâ
1502 1050 1626 1091 formâ
1640 1049 1766 1091 valere
1782 1049 1913 1102 poteſt.

1218 1119 1279 1154 24.
1298 1105 1474 1159 Sufficere,
1488 1106 1588 1161 quòd
1607 1107 1711 1160 teſtes
1733 1113 1954 1146 voluntatem
1982 1104 2097 1156 Teſta-

1275 1168 1366 1205 toris
1380 1167 1592 1218 implicitam
1591 1178 1662 1220 per
1671 1166 1858 1208 Libellum
1875 1161 2095 1218 cognoſcant,

1274 1220 1356 1258 licèt
1371 1232 1445 1258 non
1459 1219 1607 1258 auribus
1616 1224 1831 1270 percipiant.

1219 1293 1271 1329 25.
1284 1286 1360 1321 Nec
1382 1281 1458 1320 tolli
1484 1280 1731 1332 nuncupativi
1756 1279 1960 1331 teſtamenti
1988 1282 2101 1319 ratio-

1273 1351 1369 1384 nem,
1376 1338 1421 1390 ſi
1433 1336 1638 1394 obſignetur,
1640 1336 1830 1392 poſtquam
1842 1340 1947 1391 teſtes
1965 1340 2100 1381 volun-

1274 1409 1394 1440 tatem
1417 1400 1675 1452 pernoverint.

1221 1466 1277 1506 28.
1303 1465 1497 1511 Receptam
1520 1460 1585 1516 eſſe
1608 1464 1647 1500 in
1677 1459 1766 1500 Forô
1782 1459 1938 1513 ſpeciem
1970 1461 2098 1503 Teſta-

1274 1516 1396 1558 menti
1412 1530 1550 1570 quoque
1567 1518 1835 1569 nuncupativi,
1857 1515 2045 1570 impliciti.

1219 1580 1273 1616 29.
1291 1574 1367 1608 Nec
1383 1567 1504 1608 minùs
1520 1572 1559 1609 in
1579 1569 1778 1608 Saxonicô.

1213 1638 1271 1674 30.
1287 1625 1446 1681 Indeque
1461 1627 1622 1670 clauſam
1632 1626 1863 1679 ſcripturam,
1873 1625 2015 1678 teſtibus
2032 1644 2093 1667 ex-

1273 1683 1440 1732 hibitam,
1447 1696 1520 1722 non
1533 1682 1679 1735 officere,
1683 1681 1723 1733 ſi
1732 1683 1836 1720 modò
1855 1685 2096 1723 voluntatem

1275 1747 1351 1796 ejus
1369 1745 1592 1800 implicitam
1601 1745 1708 1802 ſignô
1718 1745 1956 1797 indubitabili
1973 1742 2096 1801 cogno-

1272 1802 1402 1841 verint.

1211 1879 1262 1914 31.
1278 1880 1338 1914 40.
1354 1870 1430 1908 Nec
1444 1866 1727 1923 prælectionem
1744 1865 1902 1921 requiri,
1918 1864 1989 1922 niſi
1996 1865 2101 1922 lege-

1276 1932 1317 1959 re
1332 1917 1481 1971 teſtator
1493 1929 1660 1973 nequeat.

1213 1992 1270 2025 32.
1288 1983 1383 2019 Satis
1398 1980 1568 2022 conſtare
1582 1979 1733 2022 teſtibus
1755 1979 1799 2019 de
1813 1981 2009 2021 voluntate
2036 1986 2100 2019 Te-

1258 2032 1426 2085 ſatoris,
1434 2034 1561 2086 quibus
1572 2033 1748 2075 ſchedam
1773 2044 1943 2084 apertam
1955 2037 2012 2072 ad
2009 2036 2100 2089 ſub-

1265 2089 1499 2144 ſcribendum
1515 2091 1683 2131 tradidit.

1215 2161 1269 2197 33.
1287 2152 1361 2191 Sed
1372 2152 1419 2198 &
1434 2161 1558 2193 certos
1581 2164 1647 2190 nos
1663 2147 1728 2205 eſſe
1752 2158 1911 2204 oportere
1930 2149 1974 2191 de
1988 2150 2103 2194 Sche-

1279 2206 1380 2259 dulâ.

1216 2274 1278 2310 34.
1294 2264 1419 2305 Valere
1432 2272 1568 2315 tamen,
1578 2260 1621 2303 ùt
1630 2261 1897 2304 teſtamentum
1906 2275 2103 2315 nuncupa-

1279 2311 1401 2359 tivum
1418 2317 1650 2370 implicitum,
1667 2322 1812 2369 quando
1828 2323 1884 2356 ad
1892 2326 2100 2361 Schedam

1279 2376 1454 2426 clauſam,
1464 2391 1583 2418 coram
1602 2377 1753 2419 teſtibus
1771 2378 1925 2430 ſeptem,
1926 2392 2104 2429 provoca-

1278 2443 1334 2484 vit
1355 2439 1532 2496 Teſtator,
1561 2441 1583 2484 &
1614 2441 1679 2481 hoc
1698 2440 1869 2486 teſtibus,
1888 2442 1949 2480 vel
1967 2440 2102 2481 inſtru-

1277 2496 1413 2537 mentô
1422 2494 1567 2549 deſuper
1576 2495 1749 2549 confectô,
1754 2497 1938 2549 probetur.

1215 2564 1270 2602 35.
1284 2546 1358 2593 Nec
1373 2552 1521 2605 requiri,
1531 2562 1573 2591 ut
1581 2554 1690 2594 teſtes
1704 2553 1802 2592 illam
1812 2552 1998 2594 Schedam
2015 2551 2100 2595 ſub-

1278 2594 1497 2663 ſcripſerint.

1213 2673 1268 2719 36.
1276 2669 1510 2728 Quanquam
1517 2671 1714 2727 conſultum
1710 2671 1821 2724 ſit,
1792 2673 1820 2720 ut
1827 2671 1930 2723 teſtes
1937 2671 2102 2724 Scriptu-

1276 2743 1324 2770 ræ
1339 2728 1389 2769 illi
1404 2727 1626 2775 inſcribant;
1642 2741 1687 2773 ne
1699 2725 1843 2768 Scheda
1866 2727 1940 2766 alia
1963 2726 2100 2779 ſuppo-

1275 2801 1400 2833 natur.

1215 2851 1275 2892 38.
1292 2849 1329 2884 Si
1345 2844 1388 2884 de
1402 2841 1458 2884 his
1474 2842 1688 2886 ſolennibus
1714 2839 1869 2894 conſtat,
1896 2852 1967 2894 quæ
1994 2844 2100 2895 Leges

1276 2900 1340 2942 ſub
1359 2897 1501 2941 ſenſum
1520 2897 1643 2937 cadere
1664 2899 1810 2944 volunt,
1829 2908 1949 2936 cætera
1962 2912 2102 2951 quoque

1277 2959 1443 3000 decenter
1463 2958 1561 3014 geſta
1579 2957 1753 3013 præſumi.

1216 3029 1272 3068 39.
1297 3018 1394 3057 Hinc
1419 3018 1483 3074 eſſe
1506 3015 1804 3072 præſumendum
1824 3019 1865 3056 in
1888 3014 2101 3070 teſtamentô

1275 3087 1414 3130 quoque
1434 3076 1692 3129 nuncupativô
1713 3075 1925 3129 implicitô,
1943 3087 2100 3128 rogatos

1263 3135 1380 3194 fuiſſe
1404 3138 1526 3179 teſtes.

1221 3202 1280 3238 40.
1304 3188 1380 3246 Eſſe
1412 3190 1703 3232 inſtrumentum
1727 3189 1837 3243 ſuper
1870 3188 2101 3232 teſtamentô

1277 3249 1534 3302 nuncupativo
1537 3247 1692 3302 factum
1702 3245 1986 3300 prælegendum
1994 3247 2103 3301 teſta-

1278 3305 1360 3343 tori.

1222 3374 1276 3410 41.
1293 3360 1366 3402 Sed
1376 3374 1449 3402 non
1472 3362 1582 3401 etiam
1599 3359 1846 3408 Schedulam,
1864 3358 1919 3399 ad
1938 3375 2049 3413 quam
2053 3361 2100 3415 ſe

1273 3422 1404 3466 refert.

1224 3490 1296 3527 42.
1322 3474 1413 3540 Quin
1431 3478 1477 3523 &
1494 3479 1641 3522 duobus
1657 3478 1811 3522 teſtibus
1828 3478 1980 3534 probari
1985 3476 2096 3533 poſſe,

1277 3539 1370 3594 quid
1384 3536 1541 3591 Teſtator
1557 3551 1676 3578 coram
1691 3534 1834 3590 ſeptem
1850 3539 2000 3580 teſtibus
2012 3537 2096 3577 aliis

1255 3593 1565 3648 nuncupaverit.

1224 3663 1282 3700 43.
1298 3649 1560 3694 Publicatione
1579 3660 1663 3702 opus
1680 3661 1752 3688 non
1766 3646 1851 3704 eſſe,
1867 3646 2009 3702 quando
2025 3648 2099 3703 fa-

1282 3715 1408 3747 tentur
1421 3703 1567 3746 heredes
1583 3706 1629 3745 ab
1643 3704 1826 3750 inteſtato,
1840 3702 1939 3756 quòd
1934 3698 2101 3760 ſcriptu-

1282 3780 1326 3809 ra
1335 3775 1435 3818 vera,
1441 3778 1505 3806 nec
1514 3765 1708 3820 ſuppoſita,
1715 3765 1778 3817 ſit.

1228 3828 1294 3866 44.
1320 3818 1506 3870 Scriptum
1544 3830 1656 3857 manu
1687 3816 1862 3870 teſtatoris
1884 3815 1931 3860 &
1954 3817 2105 3864 ſubſcri-

1282 3888 1392 3929 ptum
1398 3876 1445 3916 ab
1454 3877 1492 3916 eô
1505 3875 1768 3930 teſtamentum,
1778 3874 1937 3914 maximè
1955 3874 2104 3919 favora-

1285 3946 1374 3989 bile.

1225 4001 1314 4058 445.
1330 3987 1621 4040 Subſcriptionem
1634 3979 1775 4035 teſtium
1783 3979 1923 4036 ſeptem
1938 3989 1979 4024 in
1992 3994 2109 4028 Sche-

1287 4051 1357 4096 dâ,
1373 4047 1446 4101 quâ
1467 4043 1629 4083 voluntas
1652 4040 1839 4097 Teſtatoris
1861 4052 2108 4097 nuncupata

360 4059 569 4118 RESPONSA
569 4079 884 4147 LYNCKERIANA.

1462 4110 1644 4154 Ddddd

1998 4123 2106 4159 conti-
