2476 2706
762 460 871 525 170

1240 452 1464 509 Anderer
1503 449 1676 513 Theil,

1431 562 1519 599 Pro

762 603 1080 650 Clementiſſime
1098 601 1153 647 ob
1168 612 1251 645 non
1266 601 1485 657 præſtitam
1511 599 1752 655 paritionem
1770 600 2027 644 decernendo
2040 610 2156 643 man-

862 658 950 696 dato
971 657 1117 698 arctiori
1133 660 1269 702 prævia
1291 658 1532 696 declaratione
1544 657 1582 693 in
1600 667 1749 702 pœnam
1766 656 1883 702 priori
1899 657 2081 696 inſertam.

1432 722 1506 757 Vel

758 762 834 802 Pro
852 759 1093 799 declaratione
1114 759 1151 795 in
1171 771 1320 807 pœnam
1342 758 1517 798 mandato
1543 756 1695 809 ſimplici
1718 759 1885 797 inſertam
1903 756 2153 797 decernendo-

938 824 1012 861 que
1031 812 1204 854 mandato
1223 814 1372 853 arctiori
1388 810 1454 850 ſub
1478 824 1585 863 pœna
1605 812 1707 863 dupli
1725 824 1809 850 cum
1838 812 1896 851 cit.
1915 812 1979 851 ſol.

755 861 862 965 D

863 879 908 923 aß
925 879 1007 922 Ew.
1021 879 1068 922 K.
1081 878 1148 921 M.
1166 881 1238 920 laut
1255 876 1538 924 allergnaͤdigſtem
1557 878 1731 917 Concluſi
1748 877 1811 915 ſub
1830 878 1878 916 G.
1907 879 1942 918 in
1961 875 2068 923 auſſen
2095 888 2154 914 ru-

891 931 1050 974 bricirter
1069 931 1191 976 Sache
1219 936 1284 971 das
1316 927 1650 977 allerunterthaͤnigſte
1676 929 1845 976 gebethene
1871 929 2091 968 Mandatum
2115 935 2154 976 zu

755 977 911 1015 erkennen
934 980 1165 1024 allergnaͤdigſt
1172 985 1328 1019 geruhen
1339 979 1485 1019 wollen,
1502 983 1612 1021 davor
1625 983 1769 1025 erſtattet
1779 981 2076 1017 impetrantiſcher
2084 981 2156 1025 An⸗

745 1028 857 1066 waldt
875 1030 937 1066 den
963 1024 1325 1066 allerunterthaͤnigſten
1348 1021 1486 1066 Danck.

1416 1083 1487 1112 Vel

788 1122 1130 1175 Welchergeſtalt
1149 1127 1442 1177 impetrantiſcher
1467 1129 1654 1173 Anwaldts
1677 1120 1877 1176 Principal,
1901 1130 1966 1169 das
1984 1128 2019 1168 in
2041 1124 2152 1174 auſſen

795 1172 1039 1220 bemerckter
1055 1177 1176 1223 Sache
1195 1188 1232 1225 zu
1250 1172 1620 1225 allerunterthaͤnigſtem
1640 1175 1763 1220 Danck
1788 1176 2017 1224 allergnaͤdigſt
2033 1183 2147 1222 ergan⸗

851 1238 952 1276 gene,
968 1236 1035 1271 und
1060 1229 1124 1270 ſub
1147 1231 1196 1271 G.
1216 1232 1253 1269 in
1276 1229 1461 1279 Originali
1486 1227 1686 1276 beygehende
1704 1228 1922 1267 Mandatum
1941 1240 2007 1278 per
2024 1227 2146 1268 Nota-

850 1280 949 1318 rium
970 1281 1006 1321 &
1029 1278 1131 1318 teſtes
1152 1278 1195 1327 zu
1195 1278 1280 1327 recht
1305 1279 1492 1319 inſinuiren
1510 1279 1642 1326 laſſen,
1658 1278 1777 1322 ſolches
1792 1280 1888 1323 zeiget
1910 1284 1972 1319 das
1999 1279 2057 1322 bey
2074 1277 2146 1323 erſt⸗

774 1330 983 1377 gedacht
1001 1328 1183 1377 allerhoͤchſt
1206 1324 1447 1373 venerirliche
1473 1330 1606 1367 Mandat
1622 1328 1689 1367 ſub
1714 1331 1789 1372 Lit.
1799 1330 1852 1367 H.
1879 1330 1939 1375 ſich
1956 1329 2145 1375 befindende

826 1375 1138 1413 Inſtrumentum
1159 1372 1352 1409 Notariale
1368 1373 1431 1411 mit
1449 1371 1610 1416 mehrerm
1634 1380 1679 1412 ꝛc.

799 1440 874 1477 Ob
887 1449 962 1473 nun
989 1435 1085 1474 wohl
1101 1423 1341 1468 erſterwehntes
1366 1420 1437 1458 ſub
1448 1422 1519 1461 Lit.
1538 1421 1589 1460 H.
1616 1407 1727 1467 hiebey
1748 1421 1782 1459 in
1807 1420 1993 1469 Originali
2015 1430 2146 1465 repro-

748 1485 884 1523 ducirte
903 1482 1123 1522 Mandatum
1146 1483 1224 1526 nach
1243 1481 1390 1527 mehrern
1409 1480 1541 1530 Jnhalt
1565 1485 1621 1522 des
1638 1480 1871 1520 Inſtrumenti
1889 1482 2144 1519 Inſinuationis

743 1537 811 1576 ſub
825 1535 852 1584 J.
877 1535 913 1576 d.
941 1548 998 1586 25.
1017 1535 1122 1576 Nov.
1143 1546 1173 1572 a.
1199 1545 1235 1583 p.
1266 1537 1320 1575 der
1346 1534 1468 1581 Fuͤrſtl.
1492 1537 1548 1577 N.
1576 1533 1773 1583 Regierung
1801 1533 1932 1583 behoͤrig
1959 1533 2141 1575 inſinuiret

744 1589 815 1623 und
832 1581 1041 1627 verkuͤndiget
1059 1583 1223 1625 worden,
1258 1580 1377 1626 mithin
1398 1581 1452 1621 der
1478 1579 1521 1618 ad
1547 1578 1750 1627 parendum
1774 1581 1986 1620 anberaumte
2017 1581 2140 1617 termi-

743 1646 814 1673 nus
838 1633 1021 1673 bimeſtris
1041 1632 1204 1675 allbereits
1230 1632 1442 1679 verſtrichen:
1477 1633 1511 1678 ſo
1530 1632 1566 1679 iſt
1585 1632 1663 1678 doch
1683 1631 1819 1679 ſothane
1844 1633 1917 1672 dem
1941 1631 2140 1678 Gegentheil

744 1684 921 1730 auferlegte
940 1684 1099 1721 Parition
1115 1682 1198 1728 noch
1214 1682 1301 1726 nicht
1325 1682 1369 1722 im
1394 1681 1565 1729 mindeſten
1586 1681 1740 1728 befolget.
1799 1682 2052 1728 Wannenhero
2069 1681 2136 1717 im-

744 1731 982 1782 petrantiſcher
993 1731 1158 1773 Anwaldt
1176 1730 1302 1778 ſowohl
1322 1728 1463 1779 lapſum
1483 1729 1649 1773 termini,
1676 1729 1729 1770 als
1747 1730 1808 1770 den
1822 1730 2055 1775 gegenſeitigen
2066 1730 2136 1769 Un⸗

744 1777 915 1826 gehorſam
936 1778 1048 1827 hiemit
1065 1773 1386 1825 allerunterthaͤnigſt
1403 1776 1584 1823 anzeigen,
1609 1778 1681 1816 und
1704 1777 1842 1823 zugleich
1863 1775 2138 1823 allergehorſamſt

742 1832 846 1871 bitten
868 1828 991 1875 ſollen,
1018 1829 1099 1872 Ew.
1117 1830 1165 1872 K.
1193 1828 1256 1869 M.
1274 1827 1416 1871 geruhen
1434 1826 1665 1875 allergnaͤdigſt
1691 1828 1753 1866 den
1783 1826 2042 1871 ungehorſamen
2063 1828 2134 1869 Ge⸗

740 1874 882 1921 gentheil
903 1875 935 1915 in
959 1876 1007 1916 die
1027 1878 1102 1916 dem
1134 1868 1412 1924 allergnaͤdigſten
1425 1875 1601 1911 Mandato
1632 1875 1832 1913 einverleibte
1856 1871 1940 1919 Poͤn
1968 1879 2005 1917 zu
2023 1879 2134 1912 verur⸗

740 1923 882 1966 theilen,
908 1926 976 1959 und
996 1921 1176 1967 demſelben
1196 1919 1329 1965 mittelſt
1339 1920 1427 1961 eines
1444 1917 1611 1957 Mandati
1626 1920 1796 1958 arctioris
1811 1917 1862 1956 die
1874 1919 1912 1954 in
1930 1919 2045 1965 priori
2058 1920 2135 1965 auf⸗

738 1973 855 2016 erlegte
871 1967 1080 2006 Relaxation
1096 1972 1165 2011 und
1184 1966 1403 2008 Reſtitution
1421 1967 1487 2005 ſub
1505 1978 1614 2015 pœna
1632 1966 1736 2015 dupli
1751 1976 1824 2003 una
1844 1976 1931 2003 cum
1947 1965 2131 2008 refuſione

740 2019 865 2054 damni
885 2018 1036 2059 emerſi,
1068 2020 1123 2052 vel
1147 2015 1349 2052 etiamnum
1372 2005 1632 2062 emergentis,
1667 2016 1806 2049 annexa
1826 2010 1998 2051 citatione
2024 2012 2128 2053 ſolita

738 2073 983 2124 allergerechteſt
1009 2072 1249 2123 anzubefehlen.
1291 2069 1461 2124 Hieruͤber
1478 2079 1522 2115 ꝛc.

1242 2169 1302 2219 In
1339 2165 1561 2219 Camera.
1867 2156 1942 2211 ſine
1942 2156 2091 2213 Clauſula.

834 2238 896 2296 Jn
919 2234 1064 2284 Sachen
1086 2237 1130 2275 ꝛc.
1159 2234 1393 2284 reproducire
1416 2235 1613 2283 ausgangen
1640 2230 1711 2276 und
1735 2234 1948 2280 verkuͤndetes
1973 2234 2124 2273 Manda-

1993 2276 2129 2321 datum
