1527 2265
443 341 577 383 bemus
599 344 664 397 pro
686 345 912 384 fratribus
869 348 911 395 a-

452 398 561 436 nimas
575 410 715 448 ponere.
767 396 857 447 Qui
848 404 902 431 ve-

453 446 495 483 rò
519 447 673 483 habuerit
688 445 901 483 ſubſtantiam

448 498 604 533 mundi,
639 498 678 535 &
697 497 821 536 viderit
836 496 898 531 fra-

447 555 541 584 trem
556 546 651 583 ſuum
664 552 842 594 egentem,
860 545 897 583 &

447 586 608 633 clauſerit
621 585 749 638 viſcera
770 580 836 633 ſua
840 601 899 631 ab

443 654 526 680 eo,
560 642 741 690 quomodo
753 643 894 681 charitas

443 695 513 730 Dei
520 690 637 728 manet
645 686 684 730 in
687 690 766 729 eo?
788 693 894 731 Filioli

444 743 561 784 mei,
570 736 626 784 ne
637 734 859 790 diligamus
821 739 900 784 ver-

424 785 523 831 bo,
529 798 645 822 neque
653 781 781 829 lingua,
787 781 845 827 ſed
856 800 891 825 o-

440 854 523 892 pere
537 844 556 881 &
576 843 729 880 veritate.

929 350 995 385 der
1006 352 1121 394 laſſen.
1169 352 1292 396 Wenn
1292 361 1370 400 aber
1385 363 1451 400 je⸗

935 403 1036 440 mand
1067 399 1167 447 dieſer
1195 398 1297 443 Welt
1318 405 1433 450 Guͤter

928 446 1012 492 hat/
1026 446 1093 485 und
1110 447 1204 494 ſiehet
1218 451 1319 492 ſeinen
1333 452 1433 486 Bru⸗

933 497 989 534 der
1003 492 1154 541 darben/
1164 490 1216 549 und
1235 493 1354 548 ſchleuſt
1369 496 1431 542 ſein

929 544 1025 597 Hertz
1035 543 1093 593 fuͤr
1101 546 1168 593 ihm
1177 552 1240 601 zu/
1258 554 1311 585 wo
1320 547 1431 586 bleibet

927 595 978 627 die
995 587 1089 633 Liebe
1106 601 1236 637 Gottes
1261 597 1315 643 bey
1332 598 1425 649 ihm?

928 642 1051 684 Meine
1064 640 1244 693 Kindlein/
1260 646 1345 689 laſſet
1357 648 1427 683 uns

925 689 1011 738 nicht
1042 690 1144 732 lieben
1168 693 1229 731 mit
1248 693 1426 733 Worten/

926 740 1005 789 noch
1018 739 1081 781 mit
1093 742 1149 782 der
1162 737 1333 796 Zungen/
1358 744 1427 789 ſon⸗

922 794 1002 832 dern
1013 794 1086 823 mit
1088 794 1151 826 der
1158 800 1269 836 That
1271 802 1350 830 und
1354 807 1426 838 mit

924 845 978 884 der
988 842 1168 891 Warheit.

566 893 922 965 Evangelium,
940 898 1052 952 Luc.
1071 908 1145 958 14.
1165 907 1265 965 cap.

438 970 564 1018 Magna
577 970 639 1013 Lei
644 967 748 1013 cœna
735 980 796 1001 eſt:
806 967 880 1012 ſunt
906 970 924 1003 &
944 970 1071 1014 faſtidia
1084 977 1205 1013 magna,

533 1013 660 1060 Magna
666 1021 790 1059 quoque,
798 1013 933 1059 ingratos
935 1021 996 1057 quæ
995 1013 1080 1058 ferit,
1087 1017 1138 1046 ira
1145 1017 1218 1058 Dei
1207 1023 1269 1054 eſt.

434 1073 489 1130 G

493 1081 541 1110 roß
549 1076 587 1108 iſt
589 1076 641 1107 das
648 1071 840 1108 Abendmahl/
851 1075 912 1106 das
918 1077 994 1105 Gott
1002 1075 1051 1106 hat
1057 1078 1253 1105 angerichtet:

497 1117 556 1147 Der
562 1117 693 1148 Undanck
701 1115 736 1148 iſt
742 1124 812 1144 auch
814 1122 902 1148 groß/
908 1119 960 1147 der
962 1118 1034 1150 alles
1041 1124 1093 1153 hat
1095 1116 1275 1153 vernichtet/

519 1166 573 1197 So
576 1157 634 1200 groß
660 1165 704 1197 die
710 1155 798 1198 Gnad
807 1156 862 1200 jetzt
862 1158 908 1201 iſt/
911 1154 944 1201 ſo
954 1156 1015 1202 groß
1027 1156 1093 1200 wird
1107 1162 1163 1204 ſein
1168 1158 1217 1203 die
1220 1157 1309 1204 Pein/

518 1198 591 1231 Wer
599 1194 658 1235 hier
665 1196 711 1227 die
735 1194 822 1229 Gnade
829 1195 967 1242 ſchimpft/
975 1196 1046 1228 wird
1056 1196 1122 1228 dort
1129 1198 1274 1241 verlohren
1282 1201 1355 1234 ſeyn.

428 1230 490 1287 G

493 1243 540 1277 roß
547 1243 583 1275 iſt
586 1239 649 1268 dein
657 1237 775 1269 Mahl:
802 1241 883 1267 Groß
890 1242 922 1271 iſt
929 1242 974 1267 der
981 1245 1064 1273 Eckel
1071 1243 1132 1273 bey
1149 1248 1181 1275 der
1187 1243 1286 1266 Welt/

493 1284 591 1309 Drum
600 1279 633 1314 iſt
639 1289 705 1314 auch
712 1279 800 1309 groß/
802 1277 840 1313 O
842 1278 946 1305 GOtt/
956 1273 1013 1310 dein
1023 1280 1107 1314 Zorn
1109 1285 1162 1320 der
1166 1281 1220 1319 auf
1222 1281 1256 1317 ſie
1258 1280 1329 1310 faͤlt.

427 1319 545 1368 Quem,
554 1318 675 1364 DEUS
677 1319 767 1366 alme,
774 1321 866 1363 vocas
876 1321 911 1355 ad
918 1321 1034 1367 cœnam
1031 1323 1183 1372 ſuaviter,
1189 1324 1343 1375 adſum,

530 1368 586 1408 Ab
588 1369 729 1410 ſaturare
737 1378 791 1416 tua
797 1379 843 1410 me
851 1371 980 1410 bonitate
986 1375 1070 1411 velis.

425 1427 468 1495 Z

468 1427 522 1469 um
522 1427 632 1469 groſſen
639 1427 847 1469 Abendmahl?
866 1430 900 1464 O
907 1421 996 1468 Gott/
1003 1430 1067 1460 laͤßt
1070 1430 1108 1463 du
1115 1429 1175 1463 aus
1179 1425 1305 1465 Gnaden

471 1464 538 1495 Gar
546 1465 698 1496 freundlich
707 1466 867 1493 jedermann
874 1464 959 1493 durch
965 1465 1045 1489 deine
1052 1464 1172 1494 Knechte
1178 1463 1270 1490 laden.

509 1514 595 1551 Mich
602 1514 657 1552 ſtell
664 1515 705 1555 ich
713 1508 799 1548 willig
805 1514 861 1548 ein/
868 1513 985 1549 erquicke
992 1514 1089 1549 deinen
1097 1515 1171 1553 Gaſt

507 1555 575 1581 Mit
583 1545 678 1589 deiner
686 1541 763 1585 ſuͤſſen
785 1539 878 1589 Gnad/
887 1545 928 1586 als
938 1554 975 1584 du
982 1548 1159 1591 verſprochen
1166 1548 1233 1591 haſt.

421 1589 486 1650 D

486 1589 522 1627 en
530 1592 568 1624 du
579 1596 634 1628 zum
644 1585 824 1631 Abendmahl
826 1583 941 1630 berufſt/
949 1585 990 1629 der
1000 1579 1058 1633 ſtelt
1068 1590 1113 1634 ſich
1126 1591 1185 1632 ein:

486 1628 543 1664 Laß
551 1628 630 1662 deine
639 1627 727 1662 Gnad
735 1629 793 1661 und
803 1624 912 1663 Guͤt/
884 1628 920 1669 O
927 1625 1016 1661 Gott/
1022 1628 1095 1660 mein
1101 1624 1197 1665 Labſal
1204 1623 1277 1665 ſeyn.

428 1665 482 1717 S

489 1672 534 1708 ehr
540 1677 653 1705 klaͤglich
655 1675 728 1706 iſts/
729 1675 767 1704 O
770 1673 876 1703 GOtt/
880 1676 940 1707 daß
943 1676 1077 1707 mancher
1081 1675 1200 1704 Menſch
1202 1683 1268 1704 nur
1272 1677 1390 1708 trachtet

490 1721 568 1742 Nach
577 1720 661 1741 dem/
663 1719 725 1739 was
731 1721 832 1744 zeitlich
841 1714 880 1742 iſt/
889 1718 945 1740 das
949 1713 1032 1740 Ewig
1038 1722 1072 1746 er
1077 1721 1239 1742 verachtet:

504 1759 539 1786 O
545 1758 591 1792 gib
599 1760 654 1791 mir
661 1759 767 1792 andern
775 1758 870 1794 Sinn.
912 1758 977 1794 Gib
985 1749 1043 1797 daß
1047 1757 1088 1799 ich
1094 1759 1149 1794 alle
1155 1754 1291 1800 Schaͤtze

501 1788 566 1823 Der
585 1788 657 1824 Welt
663 1794 783 1827 veracht/
791 1795 848 1828 und
855 1791 930 1829 mich
936 1795 967 1830 an
976 1790 1018 1831 dir
1028 1795 1109 1829 allein
1117 1794 1222 1835 ergetze.

420 1826 487 1897 B

487 1826 546 1868 lind
554 1828 602 1861 bin
607 1828 650 1866 ich
654 1836 705 1863 am
711 1829 866 1866 Verſtand/
873 1834 937 1862 arm
945 1834 984 1861 an
993 1831 1142 1863 Verdienſt
1160 1834 1209 1863 und
1212 1834 1355 1864 Wercken/

487 1864 534 1908 An
546 1866 618 1900 allen
629 1868 750 1907 Kraͤften
757 1870 847 1906 lahm/
853 1870 906 1900 kan
913 1871 1004 1906 nichts
1009 1873 1074 1899 was
1080 1871 1130 1906 gut
1138 1874 1169 1907 iſt
1175 1869 1302 1899 mercken.

501 1910 596 1951 Doch/
602 1912 685 1947 weil
682 1910 714 1950 du
722 1912 856 1951 frommer
864 1913 940 1948 Gott
947 1912 1015 1955 auch
1021 1912 1149 1956 Kruͤppel
1157 1908 1239 1953 ladeſt
1246 1910 1310 1950 ein/

500 1961 556 2000 So
563 1954 637 1996 wird
642 1944 685 1998 bey
700 1948 739 1995 dir
751 1947 796 1999 fuͤr
810 1950 873 2006 mich
880 1956 924 1995 ein
931 1949 1088 2004 Raͤumlein
1099 1949 1175 2005 uͤbrig
1186 1947 1259 2004 ſeyn.
