1548 2328
392 238 673 281 PHOCION
712 236 826 276 XIX.

1046 245 1113 287 291

136 316 158 346 9.
169 309 333 355 Subornare,
341 312 383 346 eſt
392 314 514 346 occulte
525 313 658 353 aliquem
668 320 774 344 ornare
789 314 818 342 &
833 314 865 342 in
875 313 996 342 alterius
1006 313 1109 342 locum

169 364 357 396 conſtituere.

136 404 169 431 10.
175 402 301 441 Concido,
309 401 479 444 penultima
490 408 627 442 correpta
635 399 811 441 (ϰϰταπίπτω)
821 399 864 431 eſt
872 400 903 430 in
913 409 1013 430 totum
1023 402 1109 432 cado,

169 447 231 479 ruo,
247 452 297 473 ut:
320 447 450 473 Animus
468 450 538 470 cum
548 451 579 470 re
593 443 724 476 concidit,
736 443 805 471 aller
818 445 913 480 Muth
927 446 993 478 faͤllt
1007 449 1106 479 dahin.

170 488 185 507 *
193 490 309 522 Concido
319 490 434 530 penult.
444 487 589 529 producta
601 487 774 533 (ϰατϰϰόπτω)
785 486 825 517 eſt
835 488 919 518 ſimul
929 493 977 516 vel
991 493 1107 517 minua-

170 535 225 568 tim
235 538 326 577 cædo,
334 545 385 567 ut:
406 545 473 567 cato
483 535 610 572 conciſa,
619 533 690 568 klein
699 532 814 574 gehackt
823 533 936 576 Fleiſch.

137 576 164 607 11.
174 575 255 618 Obſes
263 578 314 613 eſt,
322 578 372 616 qui
383 577 509 605 traditur
517 575 639 605 alterius
648 573 785 613 poteſtati
796 581 828 601 ea
839 577 1027 607 conditione,
1036 579 1078 607 ut,
1090 574 1110 602 ſi

170 623 294 655 traditor
302 635 318 654 a
325 622 384 653 fide
394 622 524 658 recedat,
534 620 684 661 recipiens
694 619 724 650 in
734 619 827 649 vitam
836 618 862 648 &
872 627 981 658 corpus
990 621 1054 656 ejus
1062 623 1110 647 ſæ-

171 654 231 693 vire
239 664 335 703 poſſit,
343 665 395 701 qui
404 663 531 692 traditus
539 662 589 692 eſt.
604 661 762 693 *Nomen
770 660 842 689 inde
850 660 949 693 habet,
958 666 1026 696 quia
1035 664 1110 688 obſi-

137 701 272 741 dionis
278 704 429 741 ſolvendæ
439 706 521 737 cauſa
530 705 594 736 dari
602 705 769 736 conſuevit.

135 752 174 786 12.
189 744 321 791 Pyræeus.
342 747 412 784 vide
419 750 505 792 ſupra
518 757 580 791 cap.
591 750 618 779 6.
636 749 735 780 Alcib.

480 816 534 850 Ex
566 812 660 858 Cap.
693 813 757 849 IlI.

137 857 157 885 I.
168 850 264 898 Factio,
270 859 348 891 olim
359 856 418 889 fuit
434 853 574 900 honeſtum
592 853 783 892 vocabulum,
796 861 880 882 nunc
889 853 954 883 fere
962 854 994 883 in
1003 855 1112 884 malam

150 896 286 937 partem
293 904 454 943 accipitur,
467 905 498 932 &
512 902 637 930 denotat
649 900 799 931 malorum
815 900 993 929 conſenſum
1003 903 1021 928 &
1038 910 1113 932 con-

174 946 375 989 ſpirationem.
387 949 478 989 *Qui
485 947 660 988 hujusmodi
668 946 834 979 factionem
841 952 993 985 exercent,
995 946 1116 989 ſactioſi

172 998 368 1035 appellantur.
384 994 467 1033 Inter
475 996 573 1025 bonos
581 993 711 1025 amicitia
720 992 771 1030 eſt,
779 991 861 1023 inter
870 992 964 1022 malos
973 990 1097 1030 factio.

136 1035 157 1059 2.
172 1032 334 1065 Demetrius
341 1033 502 1071 Phalereus,
509 1032 710 1072 Theophraſti
718 1033 893 1070 diſcipulus,
902 1030 1017 1069 primus
1026 1034 1113 1060 infle-

173 1076 216 1107 xit
220 1071 393 1109 orationem
402 1083 530 1114 eamque
537 1076 664 1105 mollem
672 1076 701 1106 &
708 1076 829 1104 ſuavem
838 1077 980 1105 reddidit.
1012 1080 1027 1089 *
1034 1080 1113 1104 Scri-

173 1121 228 1162 pſit
236 1122 348 1152 librum
363 1119 401 1151 de
411 1118 597 1151 elocutione.

140 1164 160 1193 3.
170 1163 311 1195 Patronus
318 1157 484 1199 (συνήγοϱος)
492 1167 625 1197 vocatur,
633 1158 686 1197 qui
701 1160 835 1197 aliquem
844 1159 876 1188 in
892 1160 1028 1197 periculo
1044 1172 1116 1198 pro-

161 1206 253 1248 tegit
261 1216 351 1247 atque
359 1213 471 1242 tuetur,
490 1204 575 1245 cujus
586 1205 785 1237 fœmininum
801 1205 843 1234 eſt
845 1211 981 1243 patrona.
1025 1208 1041 1221 *
1048 1209 1114 1244 Ipſa

176 1251 321 1288 protectio
330 1258 420 1291 atque
428 1249 525 1280 tutela
534 1248 647 1279 dicitur
654 1249 848 1287 patrocinium
859 1248 921 1285 (Gr.
931 1252 1093 1286 συνηγοϱία.)

138 1299 165 1328 4.
176 1294 331 1338 Popularis,
341 1306 363 1332 e,
374 1292 493 1327 dicitur,
501 1291 543 1331 id,
551 1291 633 1333 quod
640 1294 746 1332 populi
752 1293 804 1325 eſt.
846 1292 931 1324 Hinc
941 1289 1021 1322 homo
1024 1296 1115 1331 popu-

178 1326 255 1376 laris,
261 1331 485 1377 (δημοϰϱατιϰος)
493 1331 546 1371 qui
555 1333 669 1373 populo
679 1329 788 1364 ſtudet.
811 1331 826 1349 *
836 1330 993 1372 Popularia
1000 1333 1061 1362 loca
1069 1333 1141 1362 di-

176 1382 320 1416 cebantur
329 1382 411 1420 olim,
427 1381 474 1412 ubi
487 1380 572 1424 plebs
583 1379 713 1413 ſedebat.

143 1425 161 1454 5.
180 1422 344 1463 Optimates.
363 1421 434 1455 vide
443 1421 529 1463 ſupra
543 1431 567 1452 c.
578 1427 606 1461 5.
617 1420 716 1453 Alcib.

142 1465 166 1494 6.
188 1465 271 1499 Verbo
281 1475 371 1508 agere,
377 1465 419 1496 eſt
427 1464 510 1496 aliud
518 1460 664 1503 ſimulare,
674 1461 756 1495 aliud
762 1461 874 1497 facere,
887 1461 936 1492 cui
948 1464 1119 1502 opponitur

180 1519 211 1542 re
219 1511 280 1552 ipſa
289 1505 388 1554 agere.
429 1511 526 1544 Græci
540 1517 705 1548 utrumque
714 1507 888 1550 exprimunt
902 1510 1028 1539 vocibus
1042 1515 1121 1555 λόγω

178 1555 224 1593 ϰαϳ
239 1559 315 1598 ἔϱγῳ,
324 1557 424 1590 Latini
432 1568 505 1588 vero
513 1557 595 1589 verbo
606 1557 636 1588 &
645 1567 683 1587 re.

144 1594 166 1621 7.
185 1597 341 1638 Conſilium,
358 1598 399 1627 eſt
407 1595 523 1636 aliquid
538 1594 670 1625 faciendi
683 1602 747 1624 non
762 1590 933 1624 faciendive
950 1596 1119 1630 excogitata

180 1646 264 1680 ratio.
287 1648 303 1667 *
310 1646 467 1679 Interdum
475 1642 576 1681 etiam,
584 1652 618 1674 ut
628 1641 674 1673 h.
664 1637 678 1685 I.
693 1641 733 1674 ita
743 1640 886 1673 dicuntur
893 1641 1057 1682 principes,
1066 1649 1121 1672 aut

181 1682 272 1720 duces
277 1686 363 1721 belli,
370 1696 441 1718 cum
449 1684 555 1716 amicis
564 1683 593 1714 &
599 1683 707 1723 legatis
715 1693 749 1714 ac
761 1684 892 1714 tribunis
905 1685 1127 1714 deliberantes.

180 1727 248 1765 vide
255 1732 340 1775 ſupra
349 1741 375 1762 c.
383 1741 402 1760 I.
411 1730 530 1761 Datam.

481 1800 544 1835 Ex
572 1797 664 1842 Cap.
692 1799 756 1834 IV.

144 1836 162 1860 1.
175 1834 322 1873 Exacuare
338 1839 458 1879 (ὀξύνϵιν)
473 1837 514 1869 eſt
524 1847 646 1868 acutum
663 1842 773 1873 facere,
785 1848 838 1865 ut:
866 1850 1000 1886 exacuere
1005 1849 1126 1887 pennas,

182 1888 293 1927 cultros,
301 1889 405 1923 dentes.
429 1891 535 1921 *Cum
545 1884 581 1918 ad
590 1886 747 1919 hominem
755 1888 944 1922 transfertur,
953 1889 1080 1917 incitare
1090 1891 1125 1915 ſi-

182 1933 303 1969 gnificat
318 1936 332 1968 &
348 1933 541 1969 inflammare,
549 1939 599 1963 ut:
621 1932 664 1963 ira
672 1932 805 1973 aliquem
813 1939 965 1963 exacuere.
987 1933 1124 1972 Jemand

180 1976 213 2013 in
221 1981 274 2015 den
283 1977 423 2023 Harniſch
430 1977 526 2022 jagen.

578 2014 649 2055 T2

979 2037 994 2054 2
1017 2023 1121 2056 Valere.
