2561 2901
766 545 923 587 Veneratio
933 561 981 584 ex-

769 600 851 625 terna
858 594 981 630 eccleſiis

771 639 949 679 attribuitur,

760 1122 823 1145 non
837 1111 948 1149 interna

763 1160 905 1196 ſanctitas.

743 1958 845 1992 Ieiuna

742 1997 896 2033 Schmierii
914 2012 955 2033 ar-

742 2044 936 2086 gumentatio.

990 536 1052 578 eſt,
1075 538 1143 572 aliis
1159 536 1266 575 vſibus
1283 536 1432 587 profanis
1451 540 1573 591 absque
1594 545 1763 586 violatione
1779 549 1887 589 decori
1903 552 2052 592 adhiberi
2071 560 2236 608 nequeat?
2289 560 2329 600 Id

999 592 1095 622 etiam
1111 591 1257 625 fatentur
1272 591 1505 640 proteſtantes,
1517 594 1548 631 &
1563 607 1603 631 eo
1619 595 1767 649 reſpectu
1785 600 1947 652 inſignem
1965 604 2184 647 differentiam
2209 610 2327 649 conſti-

1000 650 1098 671 tuunt
1120 643 1208 672 inter
1221 639 1375 688 ſtabulum
1402 642 1435 677 &
1451 642 1620 692 eccleſiam,
1654 658 1753 696 quam
1780 666 2035 697 SCHMIERIVS
2064 655 2324 699 animaduertere

997 700 1066 722 non
1086 691 1209 737 potuit,
1225 690 1299 738 quia
1309 692 1556 746 proteſtantium
1566 697 1681 749 ſcripta
1696 700 1786 738 haud
1801 705 1945 752 euoluit,
1969 709 2018 744 vel
2035 709 2055 745 ſi
2070 710 2209 757 euoluit,
2246 715 2328 752 diſſi-

996 741 1123 778 mulare
1133 741 1267 779 ſcienter
1276 746 1439 783 veritatem
1456 749 1591 794 maluit,
1606 762 1708 800 quam
1724 753 1844 790 ſincere
1858 768 1963 804 agere.
2018 761 2139 799 Audiat
2161 775 2326 799 ZIEGLE-

996 803 1084 827 RVM
1100 790 1145 827 ad
1161 792 1336 832 Lancellott.
1351 796 1403 835 lib.
1413 811 1445 836 2.
1455 804 1508 836 tit.
1519 803 1564 840 18.
1577 800 1605 848 §.
1616 812 1662 836 12.
1672 815 1772 851 quem
1787 805 1854 843 ſine
1867 808 1966 845 dubio
1983 812 2014 846 in
2032 813 2181 851 manibus
2195 813 2326 858 habuit;

994 839 1131 893 Effectus
1144 844 1370 893 dedicationis,
1385 849 1421 896 ſi
1421 850 1513 898 quem
1529 855 1717 901 peculiarem
1727 854 1838 901 habet,
1853 859 1892 906 eſt
1906 869 2044 900 externa
2053 862 2093 904 &
2101 866 2322 906 ceremonialis

986 891 1147 943 ſanctitas
1161 893 1218 943 ſeu
1232 895 1394 948 ſeparatio
1414 902 1513 939 huius
1531 902 1592 938 loci
1609 901 1648 939 ab
1663 903 1722 954 vſu
1741 912 1903 951 communi
1919 907 1957 949 &
1962 911 2094 961 profano
2108 913 2153 951 ad
2168 915 2261 965 vſum
2270 915 2323 964 ſa-

992 954 1086 980 crum
1113 947 1150 985 &
1180 949 1404 998 eccleſiaſticum
1426 951 1554 1001 publica
1589 957 1793 1005 magiſtratus
1818 960 2011 1000 auctoritate
2037 965 2075 1005 &
2096 969 2259 1005 communi
2282 981 2321 1005 ac

984 991 1106 1043 ſolenni
1116 1000 1213 1033 totius
1228 999 1351 1044 eccleſiæ
1366 1000 1511 1051 conſenſu
1519 1000 1654 1053 ſancita.
1733 1011 1817 1045 Non
1832 1021 2008 1059 negamus,
2031 1016 2218 1066 principum
2233 1017 2322 1066 pala-

990 1045 1039 1079 tiis
1061 1047 1172 1082 deberi
1192 1049 1401 1100 ſanctitatem
1429 1061 1622 1095 externam;
1659 1066 1718 1091 nec
1743 1069 1915 1106 negamus,
1940 1069 2093 1102 oratoriis
2117 1068 2168 1104 vel
2190 1070 2319 1117 eccleſiis

988 1096 1187 1134 ſanctitatem
1211 1101 1308 1135 talem
1325 1101 1356 1135 &
1375 1106 1619 1142 venerationem
1636 1106 1747 1145 deberi
1769 1119 1956 1156 externam,
1995 1124 2068 1163 quæ
2087 1129 2155 1153 non
2179 1118 2318 1158 debetur

986 1149 1137 1193 ſtabulis,
1161 1153 1264 1186 hortis
1281 1163 1335 1186 aut
1350 1156 1484 1204 priuatis
1508 1158 1658 1198 ædificiis.
1733 1163 1792 1199 Aſt
1807 1166 1839 1199 id
1854 1168 2034 1216 quæritur,
2056 1181 2097 1204 an
2116 1170 2251 1209 eccleſiæ
2265 1177 2316 1210 in-

985 1209 1081 1233 terna
1095 1201 1271 1249 ſanctitate
1286 1202 1336 1237 vel
1346 1202 1562 1256 ſuperſtitioſa
1576 1207 1740 1258 polleant,
1768 1224 1803 1248 vt
1808 1208 2034 1264 ſanctificandi
2050 1226 2119 1257 vim
2136 1225 2312 1261 virtutem-

984 1260 1046 1288 que
1066 1250 1224 1287 habeant,
1249 1251 1280 1281 &
1298 1254 1458 1297 templum
1484 1252 1526 1286 ita
1536 1252 1756 1292 conſecratum
1771 1257 1885 1293 diuina
1900 1258 2039 1311 quadam
2059 1268 2202 1308 virtute,
2224 1268 2313 1304 diui-

983 1311 1026 1331 na
1041 1300 1174 1344 efficacia
1191 1301 1364 1351 præditum
1385 1303 1556 1342 exiſtimari
1571 1308 1709 1348 debeat?
1734 1312 1804 1349 Iam
1820 1313 2014 1365 reſpondeat
2034 1331 2311 1358 SCHMIERIVS.

983 1349 1113 1384 Verum
1129 1359 1220 1391 tacet,
1245 1352 1259 1383 &
1278 1362 1318 1385 ne
1327 1353 1461 1402 quidem
1476 1353 1634 1395 effectum
1653 1357 1895 1412 conſecrationis
1910 1376 1950 1400 ex
1965 1376 2076 1404 mente
2090 1367 2152 1405 ſuæ
2175 1370 2310 1409 eccleſiæ

981 1402 1084 1447 tangit
1105 1413 1161 1438 aut
1175 1404 1330 1454 explicat,
1368 1407 1442 1457 quod
1462 1406 1621 1463 inſignem
1646 1413 1876 1464 negligentiam
1898 1420 2049 1460 inuoluit.
2128 1429 2226 1464 Hanc
2240 1430 2312 1465 vim

980 1452 1148 1493 diuinam,
1168 1467 1267 1500 quam
1291 1459 1397 1492 vnctio
1414 1459 1549 1495 eccleſiis
1564 1461 1784 1511 altaribusque
1810 1466 1954 1503 tribuere
1973 1470 2130 1508 creditur:
2153 1473 2237 1510 hanc
2257 1474 2309 1512 di-

978 1507 1089 1537 vinam
1101 1509 1259 1541 virtutem
1277 1511 1459 1551 internam,
1492 1521 1565 1557 quæ
1590 1512 1779 1551 conſecratis
1800 1516 1962 1569 lapidibus
1983 1521 2079 1560 ineſſe
2111 1525 2255 1563 creditur
2269 1537 2308 1567 ex

976 1557 1097 1589 virtute
1132 1559 1214 1600 olei,
1249 1560 1458 1602 chrismatis,
1484 1573 1573 1610 aquæ
1608 1564 1791 1611 benedictæ,
1823 1573 1856 1606 &
1875 1576 2055 1611 carminum
2079 1573 2308 1627 conſuetorum,

976 1609 1183 1650 ignoramus,
1211 1622 1368 1652 negamus
1388 1612 1419 1644 &
1436 1614 1475 1648 ad
1485 1614 1742 1664 ſuperſtitionem
1767 1618 1969 1665 referimus,
2010 1635 2069 1660 nec
2088 1625 2306 1671 characterem

975 1661 1141 1702 quendam
1157 1662 1353 1696 indelebilem
1372 1663 1469 1698 rebus
1487 1664 1676 1703 conſecratis
1696 1668 1793 1706 ineſſe
1809 1671 1994 1713 credimus.
2035 1677 2171 1715 Titulus
2195 1680 2235 1716 de
2249 1682 2304 1718 SS.

973 1711 1100 1755 eccleſiis
1118 1712 1215 1760 lippis
1245 1714 1260 1748 &
1281 1714 1466 1753 tonſoribus
1482 1729 1579 1755 notus
1601 1718 1705 1767 eſt,
1674 1717 1723 1772 ſed
1735 1734 1854 1773 parum
1869 1725 1936 1762 hæc
1957 1728 2130 1778 applicatio
2148 1730 2223 1769 facit
2238 1744 2302 1781 pro

973 1759 1128 1792 ſententia
1147 1775 1399 1803 SCHMIERII,
1430 1767 1470 1798 ad
1492 1768 1670 1803 minimum
1688 1771 1808 1806 intuitu
1824 1774 2092 1826 proteſtantium,
2108 1787 2182 1813 tum
2208 1779 2302 1827 quod

971 1829 1226 1854 IVSTINIANI
1242 1815 1416 1850 auctoritas
1433 1818 1467 1850 in
1481 1818 1579 1853 rebus
1600 1819 1696 1856 huius
1711 1820 1822 1859 farinæ
1838 1825 1921 1861 nihil
1938 1828 2086 1869 euincat,
2113 1830 2204 1866 cuius
2218 1842 2302 1868 tem-

971 1872 1057 1909 pore
1070 1862 1220 1901 abuſibus
1237 1866 1253 1901 &
1272 1867 1496 1918 ſuperſtitione
1510 1870 1630 1910 infecta
1646 1886 1714 1912 erat
1726 1876 1869 1923 eceleſia,
1885 1892 1921 1915 vt
1934 1884 1986 1919 vel
2000 1882 2099 1921 libelli
2115 1892 2305 1925 CORVINI

975 1912 1007 1944 &
1021 1923 1038 1944 a
1062 1936 1211 1958 RYSSEL.
1228 1915 1267 1947 de
1286 1917 1458 1963 Iuſtiniano
1474 1919 1623 1956 catholico
1638 1922 1774 1966 docent,
1801 1936 1874 1960 tum
1895 1927 2007 1972 etiam,
2020 1930 2112 1980 quod
2133 1945 2150 1968 a
2166 1933 2235 1969 dici
2257 1936 2299 1972 ad

973 1965 1025 2011 eſſe
1043 1977 1109 1998 non
1133 1966 1236 2001 valeat
1255 1967 1494 2019 conſequentia.
1547 1972 1636 2024 Quid
1660 1975 1683 2010 ſi
1729 1989 1968 2019 SCHMIERIVS
1991 1983 2162 2029 aſſereret,
2190 1987 2296 2034 impe-

971 2017 1132 2047 ratoribus
1157 2018 1266 2049 minus
1283 2017 1371 2051 recte
1388 2019 1486 2054 tribui
1502 2034 1698 2059 NVMINIS
1715 2026 1944 2077 prædicatum,
1976 2030 2009 2065 &
2030 2031 2191 2082 reſcriptis
2205 2036 2296 2073 verbi

969 2067 1079 2102 diuini
1097 2069 1334 2119 prædicatum?
1361 2071 1556 2118 Crederem,
1578 2075 1694 2112 eadem
1710 2083 1960 2129 argumentandi
1976 2086 2102 2132 argutia
2123 2095 2293 2124 SCHMIE-

968 2128 1075 2144 RIVM
1105 2121 1257 2158 redargui
1275 2119 1377 2164 poſſe:
1409 2123 1440 2166 ſi
1450 2123 1676 2171 aduerſarium
1697 2127 1752 2162 hoc
1776 2140 1892 2174 negare
1913 2141 1975 2164 non
1994 2132 2133 2179 pudeat,
2170 2137 2292 2174 exami-

965 2169 1091 2196 nandus
1109 2170 1147 2198 &
1162 2172 1413 2214 interrogandus
1427 2175 1475 2216 eſt,
1493 2180 1605 2206 vtrum
1620 2176 1639 2207 l.
1662 2184 1693 2209 2.
1710 2179 1745 2211 C.
1753 2179 1792 2212 de
1808 2181 1916 2214 mand.
1923 2184 2025 2228 princ.
2041 2181 2112 2218 l.II.
2130 2185 2163 2221 C.
2178 2183 2218 2222 de
2233 2189 2288 2225 SS.

964 2220 1028 2244 eccl
1055 2220 1122 2249 &l.
1140 2224 1193 2259 34.
1212 2224 1245 2251 C.
1259 2222 1297 2247 de
1312 2226 1416 2264 appell.
1427 2231 1497 2253 cum
1510 2226 1664 2270 ſimilibus
1681 2232 1892 2263 inueniantur
1907 2233 1943 2263 in
1966 2227 2076 2266 Codice
2091 2244 2145 2268 nec
2168 2237 2231 2271 ne?
2262 2237 2293 2283 ſi

963 2271 1193 2307 inueniantur,
1218 2284 1259 2298 an
1266 2274 1365 2312 forte,
1382 2277 1431 2303 hæc
1445 2277 1618 2321 prædicata
1626 2279 1691 2319 ſint
1713 2276 1921 2324 expungenda
1953 2275 1973 2318 &
1999 2281 2036 2316 in
2056 2281 2156 2322 locum
2174 2294 2287 2321 eorum

965 2319 1027 2354 alia
1035 2321 1263 2373 ſubſlituenda,
1278 2338 1310 2364 v.
1323 2338 1350 2362 c.
1365 2328 1472 2377 noſtræ
1495 2331 1690 2370 humilitatis
1709 2335 1771 2371 &c.
