2519 2893
588 485 670 533 DE
670 485 928 533 CONSANG.
928 485 1011 533 ET
1011 485 1310 533 AFFINITATE.

1547 503 1612 534 187

306 573 399 621 infra
406 584 501 611 vnum
509 585 625 611 annum
633 579 712 612 duas
720 578 855 622 capellas
870 583 1017 626 (quarum
1027 582 1173 627 quælibet
1183 585 1222 617 de
1230 584 1350 629 viginti
1358 584 1467 620 annuis
1475 588 1604 621 marchis

304 632 366 666 per
383 633 432 656 eos
444 623 592 673 dotetur)
615 628 789 672 conſtruere
795 630 854 676 ſeu
871 631 1007 673 conſtrui
1019 632 1133 677 facere
1153 626 1287 668 debeant
1305 636 1343 671 &
1363 635 1510 680 fundare.
1562 639 1604 673 Et

305 678 439 718 deinde,
454 675 500 724 ſi,
520 678 724 727 conſideratis
736 683 895 728 præmiſſis
928 685 943 720 &
963 684 1060 726 aliis,
1085 696 1151 729 quæ
1167 686 1201 719 in
1223 697 1312 723 tanto
1327 682 1450 731 negotio
1469 689 1606 736 conſide-

304 726 409 759 randa
427 728 571 770 fuerint,
599 732 685 763 vobis
701 735 852 763 videatur
861 735 1047 774 expediens,
1075 737 1161 776 quod
1171 736 1348 772 huiusmodi
1363 736 1400 780 ſit
1417 736 1603 786 diſpenſatio

303 771 509 811 concedenda,
524 790 592 824 cum
600 783 715 826 eisdem
724 784 883 826 Edwardo
889 784 1099 818 primogenito
1113 786 1150 811 &
1158 786 1299 813 Iohanna
1308 783 1484 824 Comitiſſa,
1500 795 1536 831 vt
1543 788 1606 834 im-

300 830 515 874 pedimentis,
540 844 607 877 quæ
621 846 662 867 ex
677 837 766 871 dictis
785 837 1058 882 conſanguinitate
1071 840 1110 873 &
1124 841 1386 883 compaternitate
1403 842 1603 887 proueniunt,

303 888 500 923 nequaquam
522 884 733 924 obſtantibus,
760 878 996 917 matrimonium
1016 884 1144 930 inſimul
1175 891 1240 922 DE
1264 893 1390 926 NOVO
1417 892 1515 926 libere
1533 884 1602 926 con-

301 932 443 974 trahere,
483 934 501 968 &
527 934 562 967 in
577 944 626 974 eo,
648 935 811 978 poſtquam
825 938 1016 972 contractum
1023 936 1150 985 fuerit,
1176 939 1264 973 licite
1279 952 1444 975 remanere
1459 946 1599 984 valeant,

302 985 413 1016 eadem
428 985 615 1019 auctoritate
628 984 837 1031 diſpenſetis;
859 989 981 1031 prolem
997 1000 1038 1023 ex
1054 987 1121 1035 ipſo
1132 987 1372 1038 ſuſcipiendam
1386 993 1599 1035 matrimonio,

300 1033 477 1068 legitimam
490 1036 677 1061 nunciando.
754 1035 845 1062 Plura
863 1046 976 1065 notatu
990 1037 1084 1077 digna
1101 1037 1133 1066 in
1148 1042 1207 1067 hac
1224 1033 1306 1068 bulla
1322 1048 1517 1075 occurrunt,
1535 1042 1598 1070 do-

298 1093 462 1131 centque,
489 1086 546 1133 (α)
560 1097 737 1134 vtrumque
752 1090 888 1136 gradum
901 1093 933 1125 in
943 1093 1024 1128 linea
1038 1093 1213 1131 collaterali
1222 1095 1368 1139 inæquali
1381 1107 1532 1133 accurate
1540 1110 1598 1134 ex-

298 1138 506 1181 primendum
523 1139 633 1180 fuiſſe,
659 1149 695 1173 vt
707 1140 893 1188 diſpenſatio
909 1142 1152 1188 impetraretur,
1174 1153 1273 1190 prout
1286 1144 1374 1192 ſupra
1390 1148 1431 1187 §.
1441 1157 1481 1187 19.
1488 1155 1522 1188 p.
1532 1153 1598 1188 148.

297 1192 361 1220 iam
380 1189 565 1222 obſeruaui:
593 1188 657 1234 (β)
679 1191 819 1225 eundem
835 1201 943 1225 tamen
959 1192 1060 1237 vulgo
1077 1203 1093 1226 a
1108 1194 1277 1230 remotiori
1290 1195 1507 1233 denominari:
1534 1195 1598 1243 (γ)

295 1239 538 1273 matrimonium
556 1250 615 1283 per
627 1243 725 1275 verba
739 1243 779 1274 de
791 1240 942 1288 præſenti
959 1244 1158 1280 contractum
1174 1246 1310 1292 quidem
1323 1247 1428 1291 fuiſſe,
1446 1247 1497 1283 ſed
1517 1248 1596 1283 citra

295 1289 498 1337 ιεϱολογίαν,
521 1293 649 1327 interim
664 1293 747 1327 hanc
763 1294 1027 1330 coniunctionem
1052 1308 1113 1342 pro
1131 1299 1337 1334 matrimonio
1358 1302 1400 1337 de
1416 1302 1497 1337 facto
1514 1312 1597 1337 con-

296 1342 395 1375 tracto
412 1344 552 1378 habitam
566 1344 667 1379 fuiſſe:
694 1341 751 1391 (δ)
766 1346 847 1381 illud
863 1357 955 1387 vero,
971 1351 1064 1392 quod
1077 1357 1187 1382 contra
1205 1352 1289 1393 leges
1304 1350 1522 1397 eccleſiaſticas
1534 1353 1593 1387 ini-

294 1401 366 1426 tum
384 1395 476 1434 eſſet,
504 1396 625 1432 nullum
641 1396 729 1432 fuiſſe
746 1401 776 1434 &
796 1397 839 1433 ſic
856 1395 1095 1442 dirimendum,
1120 1411 1157 1435 vt
1177 1412 1276 1436 omne
1292 1402 1327 1437 in
1340 1403 1463 1447 origine
1479 1406 1593 1440 vitium

293 1445 480 1481 tolleretur:
513 1444 581 1491 (ε)
597 1448 821 1494 pœnitentiam
841 1450 875 1484 in
887 1450 993 1496 legem
1005 1451 1246 1489 eccleſiaſticam
1261 1456 1473 1500 peccantibus
1489 1458 1596 1500 impo-

294 1493 433 1529 nendam
448 1493 560 1536 fuiſſe,
587 1507 627 1530 ne
644 1497 777 1542 impune
794 1498 981 1535 viderentur
999 1500 1085 1545 leges
1101 1500 1323 1539 eccleſiaſticas
1339 1503 1403 1539 ſine
1422 1505 1517 1540 venia
1532 1505 1591 1540 im-

283 1550 438 1588 petrata,
453 1546 599 1584 violaſſe:
623 1544 682 1597 (ζ)
701 1548 885 1596 permiſſum
901 1561 1008 1587 tamen
1024 1564 1065 1588 ex
1077 1552 1296 1600 miſericordia
1313 1559 1342 1590 &
1351 1554 1465 1600 gratia
1477 1558 1593 1600 papali

291 1594 422 1642 vtrique
433 1596 542 1641 fuiſſe,
557 1607 594 1634 vt
611 1602 726 1646 præuia
736 1598 966 1648 diſpenſatione
981 1606 1020 1638 de
1031 1615 1108 1638 nouo
1131 1609 1146 1640 &
1170 1604 1213 1640 ſic
1229 1607 1362 1641 demum
1378 1608 1465 1644 licite
1475 1609 1592 1645 inirent

291 1645 499 1694 coniugium:
531 1648 596 1697 (η)
618 1650 745 1697 prolem
762 1663 803 1687 ex
818 1651 886 1688 hoc
901 1653 1056 1700 coniugio
1080 1654 1234 1701 ſperatam
1256 1657 1430 1704 legitimam
1445 1670 1592 1704 pronun-

290 1697 406 1733 ciatam
421 1699 528 1741 fuiſſe,
557 1711 599 1734 ne
624 1701 668 1734 de
693 1701 761 1737 eius
786 1701 936 1748 legitimis
955 1704 1109 1740 natalibus
1132 1705 1233 1741 vllum
1255 1707 1426 1754 ſupereſſet
1442 1709 1592 1746 dubium.

290 1750 429 1787 Prædicti
447 1743 592 1798 delegati
607 1753 753 1793 iudices,
779 1753 899 1800 quibus
919 1757 951 1790 in
969 1757 1069 1792 adlata
1084 1757 1170 1792 Bulla
1185 1759 1356 1804 negotium
1378 1760 1489 1797 datum
1507 1770 1591 1801 erat,

286 1800 319 1833 &
332 1809 424 1834 nouo
434 1797 555 1835 oborto
570 1800 691 1841 dubio,
717 1812 777 1847 per
789 1813 916 1843 nouum
928 1803 1119 1852 reſcriptum
1132 1806 1345 1853 imperatum,
1366 1820 1403 1845 vt
1420 1811 1531 1847 ſedulo
1546 1812 1590 1846 de

286 1848 376 1881 cauſa
392 1849 645 1896 cognoſcerent,
661 1859 797 1887 examen
806 1852 903 1888 cauſæ
915 1852 1139 1901 ſuſceperunt,
1165 1858 1214 1898 &,
1240 1869 1276 1892 ea
1287 1859 1354 1893 ſatis
1366 1860 1512 1901 diſcuſſa,
1529 1860 1588 1895 de-

287 1907 486 1941 creuerunt,
508 1902 596 1938 iuxta
612 1911 761 1939 tenorem
774 1904 866 1940 bullæ
880 1906 984 1941 relatæ
994 1907 1120 1953 nuptias
1133 1907 1361 1955 diſpenſatione
1370 1911 1445 1945 facta
1458 1920 1586 1948 contra-

284 1949 320 1982 hi
348 1953 455 1995 poſſe,
481 1960 542 1983 ceu
560 1953 662 1985 docet
683 1951 926 1988 inſtrumentum
948 1955 1172 2001 delegatorum
1190 1955 1276 2001 apud
1301 1968 1477 1994 EVNDEM
1497 1958 1551 1993 cit.
1562 1962 1584 1995 l.

281 2006 317 2051 p.
322 2008 396 2056 334.
394 2004 467 2052 ſeq.
519 2002 646 2037 Vigore
668 2003 762 2030 huius
784 2011 856 2031 ante
874 2005 981 2031 omnia
998 2006 1238 2034 matrimonium
1259 2006 1457 2037 contractum
1474 2006 1564 2041 decla

284 2061 393 2098 rarunt
407 2050 552 2098 nullum,
577 2058 614 2094 vt
634 2051 772 2096 formula
797 2053 933 2085 ſequens
960 2055 1104 2079 indicat:
1133 2063 1170 2076 ea
1187 2060 1321 2086 propter
1336 2049 1579 2092 matrimonium,

282 2105 369 2138 quod
382 2103 417 2129 in
431 2105 539 2140 gradu
552 2100 712 2142 prohibito
732 2101 751 2134 &
777 2102 861 2136 alias
881 2103 1048 2147 illegitime
1069 2104 1166 2138 iidem
1186 2105 1307 2140 domini
1317 2106 1466 2149 princeps
1474 2109 1519 2146 &
1531 2112 1580 2137 co-

281 2153 414 2192 mitiſſa,
421 2158 504 2192 ſicut
516 2150 738 2192 præmittitur,
763 2157 1008 2192 contraxerunt,
1031 2154 1219 2189 auctoritate
1225 2155 1376 2198 prædicta
1388 2154 1579 2202 pronuncia-

280 2206 381 2234 vimus
398 2210 436 2236 &
451 2205 682 2238 declarauimus
696 2201 796 2250 fuiſſe
819 2204 857 2241 &
870 2203 927 2252 eſſe
943 2206 1062 2243 nullum
1085 2207 1123 2244 &
1137 2208 1335 2252 inualidum,
1362 2210 1401 2246 &
1426 2220 1581 2256 quatenus

281 2257 322 2286 de
334 2256 426 2299 facto
444 2255 650 2300 proceſſerat,
674 2255 756 2290 illud
774 2253 972 2303 caſſauimus,
999 2258 1229 2296 annullauimus
1255 2261 1292 2298 &
1315 2262 1437 2298 omnino
1460 2263 1583 2301 viribus

280 2308 508 2344 vacuauimus;
536 2318 574 2338 ac
591 2318 626 2340 re
642 2308 680 2344 &
693 2308 787 2344 verbo
800 2307 898 2345 dictos
913 2305 1070 2344 dominum
1089 2309 1270 2355 principem
1284 2313 1321 2348 &
1334 2312 1518 2360 comitiſſam
1532 2314 1580 2359 ſe-

276 2357 464 2390 parauimus
477 2361 518 2384 ab
533 2352 695 2393 inuicem,
719 2358 815 2386 iuxta
825 2357 971 2399 formam
992 2359 1146 2390 canonicæ
1157 2358 1340 2404 ſanctionis.
1394 2361 1473 2397 Hoc
1486 2362 1577 2404 facto,

276 2405 539 2440 diſpenſationem
555 2410 682 2442 vtrique
700 2409 891 2444 indulgent,
911 2418 948 2434 vt
962 2404 1199 2436 matrimonium
1211 2409 1338 2450 inſimul
1354 2413 1393 2441 de
1408 2422 1485 2442 nouo
1498 2413 1577 2443 libe-

1595 2005 1806 2041 Nihilominus

1595 2046 1673 2078 enim
1694 2060 1780 2083 antea

1594 2090 1819 2121 matrimonium

1594 2122 1806 2149 declarandum

1593 2169 1708 2196 nullum

1591 2364 1686 2404 poſtea
1697 2364 1812 2403 diſpen-

1590 2406 1698 2438 ſatione
1706 2407 1811 2440 obten-

1018 2475 1084 2507 Aa
1084 2475 1125 2507 2

1537 2471 1577 2505 re
