2420 2916
642 514 718 557 DE
718 514 869 557 IVRE
869 514 1207 557 PATRONATVS.

1508 520 1578 567 559

438 603 482 642 §.
509 602 606 636 CXL.
658 602 749 636 Huic
766 602 844 649 (IV)
861 600 991 636 acceſſit
1007 602 1101 635 honor
1106 601 1294 646 ſepulturæ,
1310 611 1348 634 vt
1362 614 1430 636 non
1440 613 1569 637 tantum

283 645 316 685 in
327 649 390 688 ipſa
400 652 550 685 eccleſia,
563 649 617 677 ſed
625 649 685 677 loco
695 647 843 679 eiusdem
854 644 1049 679 honoratiore
1056 644 1268 690 ſepulchrum
1280 646 1339 679 ſibi
1348 647 1477 690 ſuæque
1486 660 1566 691 gen-

281 699 305 736 ti
315 703 515 741 conſtituere
524 697 656 734 poſſint.
708 699 813 735 Supra
829 696 879 723 tit.
893 694 930 722 de
943 691 1050 733 ſepult.
1066 693 1131 725 fata
1146 693 1403 737 ſepulchrorum
1418 697 1570 732 recenſui

281 751 497 792 oſtendique,
514 755 677 783 ſummum
688 749 850 782 laicorum
862 747 1026 793 pruritum
1038 747 1184 793 eligendi
1194 747 1369 793 ſepulchra
1379 751 1411 783 in
1423 749 1570 790 eccleſia,

279 800 314 830 in
324 812 387 844 qua
404 804 600 845 regulariter
611 801 735 836 nemini
745 799 1019 847 indulgebantur,
1034 802 1182 846 exceptis
1198 801 1407 847 principibus
1422 804 1574 848 aliisque,

281 863 427 891 quorum
442 856 559 882 merita
579 855 613 881 in
629 863 702 881 eam
718 853 927 886 conſtabant.
979 851 1058 886 Non
1082 847 1239 895 denegari
1258 858 1339 892 ergo
1356 852 1468 895 potuit
1481 853 1576 885 honor

278 905 441 944 ſepulturæ
449 908 615 946 patronis,
625 906 753 946 quippe
764 904 885 946 quibus
903 903 1044 939 eccleſiæ
1050 902 1198 948 fundatio
1218 905 1248 936 &
1259 903 1423 947 exſtructio
1438 914 1578 950 accepta

281 957 437 986 ferenda,
451 962 482 983 &
492 967 508 983 a
523 964 594 994 quo
603 954 789 994 presbyteri
804 955 876 986 fere
893 955 993 986 vnice
1007 952 1113 986 alendi
1125 961 1231 986 erant.
1255 950 1345 985 conf.
1363 964 1511 987 FRANC.
1533 953 1576 985 de

283 1014 393 1036 ROYE
413 1009 466 1038 cit.
480 1010 500 1040 l.
516 1009 571 1037 lib.
588 1015 617 1034 2.
629 1012 660 1035 c.
669 1012 700 1042 3.
731 1011 759 1053 p.
748 1012 800 1043 50.
850 1005 932 1039 Inde
950 1014 1088 1051 quoque
1104 1004 1223 1040 factum
1241 1004 1388 1047 videtur,
1403 1014 1439 1039 vt
1449 1005 1575 1050 absque

281 1060 416 1102 patroni
440 1058 598 1093 conſenſu
612 1059 739 1093 nemini
757 1057 857 1107 poſſit
869 1060 1013 1095 concedi
1029 1058 1193 1106 ſepultura
1215 1059 1248 1093 in
1262 1058 1420 1100 eccleſia,
1445 1059 1573 1106 quippe

283 1119 355 1148 quæ
366 1110 405 1139 ad
420 1110 469 1138 ius
473 1106 601 1146 patroni
612 1107 776 1150 pertinet,
793 1112 823 1141 &
837 1112 916 1142 inde
927 1111 974 1141 ius
979 1107 1162 1150 prohibendi
1171 1107 1229 1143 ſibi
1243 1107 1330 1143 recte
1346 1107 1462 1147 aſſerit,
1478 1105 1574 1153 quod

284 1170 420 1205 illuſtrat
437 1179 580 1204 ESPEN.
597 1172 633 1204 P.
641 1171 682 1208 II.
693 1169 754 1205 iur.
765 1172 839 1205 eccl.
851 1170 905 1205 tit.
913 1180 958 1210 25.
974 1180 999 1201 c.
1009 1180 1043 1210 7.
1059 1170 1104 1210 §.
1114 1179 1163 1210 25.

441 1210 477 1257 §.
503 1213 616 1247 CXLI.
668 1210 729 1248 His
744 1215 871 1247 addunt
886 1217 949 1255 (V)
966 1218 1061 1257 quod
1081 1216 1122 1245 ad
1144 1212 1322 1258 egeſtatem
1339 1210 1362 1246 ſi
1370 1213 1575 1259 peruenerit,

285 1260 326 1293 ab
345 1258 480 1294 eccleſia
497 1262 630 1295 alendus
640 1265 678 1294 ſit,
714 1277 742 1294 c.
759 1272 804 1303 25.
819 1269 859 1295 X.
873 1270 905 1297 h.
917 1274 944 1296 t.
970 1266 1066 1305 quod
1080 1265 1175 1305 ſupra
1194 1266 1231 1301 §.
1253 1268 1288 1309 18.
1305 1266 1369 1295 iam
1380 1263 1575 1305 declaraui,

286 1309 505 1342 oſtendique,
525 1316 606 1358 olim
620 1317 670 1362 ius
690 1321 828 1343 aliquod
843 1319 1045 1343 præcipuum
1066 1318 1098 1356 in
1116 1325 1158 1357 eo
1171 1323 1305 1344 patrono
1327 1315 1488 1357 indultum
1507 1314 1576 1338 non

284 1366 400 1409 fuiſſe,
416 1378 491 1403 cum
512 1368 546 1400 in
556 1379 669 1411 genere
684 1382 846 1414 pauperes
861 1381 904 1402 ex
914 1379 1005 1412 penu
1014 1368 1156 1404 eccleſiæ
1171 1366 1298 1418 ſuiſſent
1316 1366 1467 1420 alendi.
1485 1371 1578 1407 Poſt-

287 1428 388 1465 quam
403 1433 486 1456 vero
501 1422 612 1457 clerici
632 1423 700 1457 hoc
714 1415 841 1465 pietatis
853 1421 1002 1457 officium
1017 1421 1220 1468 depoſuere,
1235 1422 1340 1458 hodie
1352 1425 1450 1458 etiam
1466 1423 1529 1458 hac
1544 1424 1579 1457 in

286 1484 323 1507 re
338 1473 538 1520 præcipuum
549 1475 688 1521 aliquod
700 1478 748 1511 ius
764 1478 803 1512 iis
813 1479 901 1512 recte
917 1477 1128 1515 adſcribitur.
1178 1478 1252 1513 Alia
1263 1480 1431 1513 commoda,
1447 1489 1519 1523 quæ
1537 1487 1582 1510 ex

287 1523 386 1558 bonis
403 1525 543 1560 eccleſiæ
553 1525 613 1559 ſuæ
620 1526 767 1572 percipit,
801 1525 853 1559 tit.
851 1524 907 1570 ſq.
920 1526 1177 1568 indicabuntur,
1196 1537 1272 1560 cum
1288 1527 1345 1561 hic
1358 1538 1485 1563 tantum
1497 1527 1581 1562 ſum-

287 1576 402 1612 matim
423 1578 495 1612 iura
511 1576 678 1622 honorifica
685 1587 891 1622 patronorum
906 1587 1051 1625 tangam.
1103 1581 1292 1622 Pleniorem
1311 1590 1431 1614 eorum
1448 1589 1589 1614 pertra-

287 1624 465 1657 ctationem
484 1628 624 1668 ſuſcepit
639 1628 758 1659 Michel
778 1629 821 1658 du
831 1630 943 1667 Perroy
959 1630 1038 1657 dans
1052 1626 1149 1659 traité
1157 1627 1210 1659 des
1219 1624 1318 1658 droits
1327 1624 1532 1671 honorifiques
1545 1623 1583 1659 &

285 1680 395 1723 vtiles,
404 1684 457 1716 des
463 1690 610 1726 patrons,
626 1692 729 1727 quem
746 1693 801 1720 an.
911 1683 1029 1721 edidit.

443 1731 475 1778 §.
502 1733 628 1770 CXLIl.
681 1732 852 1780 Quoniam
860 1743 957 1774 vero,
976 1742 1081 1779 prout
1093 1733 1188 1780 ſupra
1203 1733 1338 1775 dictum,
1351 1743 1513 1781 patronus
1522 1745 1578 1780 pa-

286 1780 409 1809 ſtorem
421 1787 556 1809 nouiter
570 1782 711 1823 eccleſiæ
727 1781 939 1820 præpoſitum
961 1784 1003 1810 de
1028 1782 1127 1810 bonis
1141 1779 1364 1812 eccleſiaſticis
1385 1779 1528 1820 inueſtit,
1549 1782 1580 1813 &

287 1834 386 1867 inſtar
406 1836 518 1869 domini
530 1834 616 1881 feudi
629 1834 789 1871 habetur,
812 1835 881 1867 eius
910 1843 1018 1879 quoque
1047 1831 1204 1883 intereſt,
1219 1846 1256 1869 vt
1274 1835 1362 1869 bona
1376 1835 1581 1870 conſeruen-

286 1893 360 1920 tur,
374 1892 573 1928 augeantur,
589 1888 618 1914 &
630 1886 716 1918 recte
725 1885 1003 1918 adminiſtrentur.
1032 1885 1068 1917 In
1076 1884 1276 1929 quibusdam
1292 1883 1434 1920 eccleſiis
1444 1886 1579 1931 patroni

290 1941 496 1969 conſtituunt
513 1937 811 1972 adminiſtratores,
825 1936 919 1979 quod
939 1945 948 1966 a
964 1936 1036 1967 iure
1045 1942 1240 1978 patronatus
1251 1945 1320 1968 non
1335 1933 1478 1968 alienum
1499 1934 1581 1976 eſſe,

290 1991 469 2023 obſeruaui
480 1995 515 2021 in
536 1992 597 2026 iure
611 1991 729 2029 paroch.
743 1992 817 2024 Sect.
832 1992 883 2023 VI.
898 2000 925 2022 c.
938 2000 963 2021 I.
970 1985 1003 2032 §.
1013 1998 1057 2028 19.
1069 1987 1108 2033 in
1108 1987 1141 2033 f.
1194 1991 1228 2025 In
1235 1996 1353 2029 mutuo,
1369 1991 1508 2024 nomine
1525 2000 1582 2023 ec-

266 2043 392 2073 cleſiæ
412 2042 657 2080 contrahendo,
668 2043 738 2075 eius
746 2040 901 2087 conſenſus
913 2031 1127 2083 deſideratur,
1141 2051 1179 2076 vt
1197 2041 1320 2076 oſtendi
1334 2040 1406 2076 ibid.
1416 2053 1440 2075 c.
1451 2053 1478 2074 2.
1488 2036 1582 2086 §.34.

290 2094 430 2137 Intereſt
451 2097 635 2125 rationibus
649 2096 850 2128 reddendis,
875 2092 953 2125 ibid.
971 2099 997 2125 c.
1008 2099 1039 2131 3.
1060 2093 1088 2129 §.
1105 2101 1141 2130 4.
1169 2090 1307 2124 nomine
1330 2089 1471 2125 eccleſiæ
1494 2096 1582 2137 agit,

293 2148 323 2186 &
337 2150 370 2189 in
384 2161 428 2195 eo
454 2151 523 2193 fiſci
546 2149 740 2194 aduocato,
775 2147 914 2170 nomine
935 2143 1097 2182 principis
1114 2149 1211 2181 agere
1228 2137 1378 2175 volenti,
1403 2131 1582 2182 præſeren-

292 2199 370 2230 dus,
383 2202 461 2228 ibid.
474 2203 508 2226 in
512 2200 670 2236 ſupplem.
678 2206 712 2233 p.
717 2207 791 2234 545.
813 2197 968 2238 adeoque
982 2193 1002 2226 ſi
1015 2194 1102 2229 bona
1116 2193 1256 2228 eccleſiæ
1271 2194 1421 2235 nulliter,
1437 2194 1505 2229 ſine
1524 2195 1582 2230 ad-

292 2249 407 2281 hibitis
418 2252 597 2291 requiſitis,
618 2259 635 2277 a
651 2251 729 2290 lege
744 2248 953 2291 præſcriptis,
975 2247 1115 2281 alienata
1123 2247 1265 2285 fuerint,
1282 2257 1318 2278 ea
1334 2257 1497 2281 reuocare
1510 2258 1580 2283 non

265 2302 507 2336 prohibetur.
533 2309 719 2329 PACIONVS
758 2300 793 2328 in
804 2298 892 2338 alleg.
911 2297 970 2328 ciu.
994 2294 1008 2328 &
1024 2306 1091 2329 can.
1102 2298 1165 2336 167.
1198 2305 1232 2329 n.
1258 2304 1264 2334 19.
1316 2297 1408 2330 Num
1417 2306 1500 2341 ergo
1513 2295 1581 2341 ipſa

290 2354 381 2376 bona
394 2355 541 2380 eccleſiæ
552 2360 734 2390 patronatæ
754 2349 820 2382 ſine
837 2354 906 2378 eius
920 2344 1062 2390 conſenſu
1073 2345 1206 2379 alienari
1223 2342 1379 2390 poſſunt?
1419 2345 1583 2384 affirmant

292 2402 330 2448 id
344 2405 449 2435 ipſum
462 2407 529 2425 ſine
544 2404 607 2425 vlla
622 2401 822 2445 hæſitatione
844 2404 1046 2443 TONDVTI
1052 2395 1092 2435 de
1095 2392 1232 2436 penſion.
1241 2402 1268 2423 c.
1274 2402 1322 2432 30.
1351 2403 1375 2441 n.
1373 2402 1416 2434 25.
1444 2398 1456 2427 &
1471 2410 1584 2446 PYRR-

292 2461 369 2485 HVS
391 2462 613 2488 CORRADVS
626 2452 661 2484 in
666 2461 763 2493 prax.
779 2451 912 2497 diſpenſ.
923 2451 1017 2495 apoſt.
1030 2451 1084 2488 lib.
1095 2464 1127 2494 9.
1137 2462 1163 2484 c.
1166 2462 1200 2492 5.
1212 2461 1242 2483 n.
1252 2462 1293 2491 13.
1307 2463 1348 2486 ex
1362 2452 1425 2488 hac
1438 2455 1582 2494 ratione,

294 2508 392 2543 quod
412 2511 447 2538 in
456 2509 521 2539 hac
536 2503 737 2538 alienatione
751 2502 823 2538 eius
832 2501 1061 2550 præiudicium
1074 2502 1165 2540 haud
1184 2501 1345 2541 verſetur.
1386 2502 1581 2553 Erroneam

1587 603 1702 635 debetur
1713 606 1798 635 etiam

1584 645 1614 674 iis
1624 647 1716 677 honor
1733 651 1771 677 ſe-

1585 688 1722 727 pulturæ,

1601 1220 1617 1246 &
1626 1215 1797 1249 alimenta,
1779 1204 1799 1254 ſi

1593 1263 1626 1290 ad
1639 1273 1681 1299 ege
1693 1265 1791 1293 ſtatem

1594 1304 1780 1334 peruenerint.

1596 1739 1640 1768 Ius
1658 1739 1769 1776 patroni

1597 1777 1667 1809 circa
1677 1779 1765 1811 bona.

1600 2306 1663 2340 quæ
1674 2298 1727 2330 ſine
1736 2301 1794 2330 eius

1600 2349 1729 2378 conſenſu
1743 2350 1809 2379 alie-

1601 2393 1659 2423 nari
1671 2403 1824 2435 nequeunt.

1524 2570 1592 2613 ve-
