2481 2848
1068 459 1234 524 Pracht
1250 457 1341 510 uͤbel
1360 461 1444 510 und
1458 451 1672 517 fahrlaͤſſig
1681 446 2027 513 Haußgehalten/
2049 447 2271 495 unordent⸗

1068 526 1144 577 lich
1166 509 1509 578 verſchwenden/
1535 508 1620 562 und
1632 511 1756 572 groſſe
1778 506 2001 564 unnoͤthige
2018 495 2198 557 Gebaͤu/
2225 505 2272 549 in

1069 579 1293 639 merckliche
1313 576 1498 634 Schulde
1511 572 1604 630 Laſt
1622 568 1837 631 gerathen/
1864 573 1946 618 und
1959 567 2134 618 dadurch
2155 566 2272 616 ihren

1074 637 1330 699 Naͤchſten/
1351 639 1480 686 wider
1498 636 1561 683 die
1590 619 1829 690 Chriſtliche
1853 615 2031 683 Liebe/
2042 625 2174 677 Recht
2189 625 2275 671 und

1074 697 1325 758 Billigkeit/
1345 690 1550 754 betrogen/
1576 682 1661 740 und
1673 700 1723 749 zu
1737 688 1937 740 Schaden
1955 671 2177 744 gebracht/
2190 684 2274 730 und

1076 754 1291 815 hernacher
1308 741 1633 809 auffgeſtanden/
1644 733 1948 805 ausgetretten/
1957 731 2044 792 und
2052 739 2125 798 ſich
2141 740 2188 787 in
2199 745 2277 786 an⸗

1076 823 1166 870 dere
1180 815 1355 868 Gebiete
1368 802 1539 872 begeben
1556 808 1688 866 haben
1708 798 1792 857 und
1808 801 1995 864 begſeiten
2017 789 2170 858 laſſen/
2191 802 2277 848 und

1082 880 1177 926 aber
1189 875 1307 933 ſolche
1321 867 1570 931 betriegliche
1584 872 1668 917 und
1688 864 1891 925 ſchaͤdliche
1899 860 2203 922 Handlungen/
2217 858 2278 908 die

1085 934 1157 990 ſich
1172 938 1305 984 einem
1317 921 1535 989 Diebſtahl
1552 926 1662 984 wohl
1681 925 1939 982 vergſeichen/
1964 926 2055 970 dem
2067 920 2279 978 gemeinen

1085 993 1226 1053 Nutz/
1232 989 1553 1051 Handthierung
1569 992 1653 1037 und
1672 971 2107 1043 Kauffmannſchafft/
2138 989 2188 1036 zu
2202 985 2279 1024 un⸗

1086 1052 1311 1116 traͤglichen
1318 1052 1517 1110 Schaden
1529 1039 1618 1100 und
1626 1044 1851 1103 Nachtheil
1871 1043 2095 1098 gereichen/
2118 1046 2202 1084 und
2217 1044 2280 1082 de⸗

1087 1111 1277 1161 rowegen
1296 1104 1538 1162 gegenſolche
1550 1094 1829 1159 muthwillige
1838 1080 2214 1153 Bankorothierer/
2228 1075 2283 1140 als

1084 1170 1179 1213 dem
1193 1142 1504 1219 gemeinen⸗und
1522 1162 1646 1215 privat
1662 1143 1841 1215 Nutzen/
1858 1140 2088 1210 ſchaͤdliche/
2081 1144 2280 1205 nachthei⸗

1087 1226 1166 1279 lige
1183 1215 1432 1280 Perſonen/
1475 1222 1623 1267 andern
1646 1223 1741 1273 zum
1759 1208 2044 1269 abſcheulichen
2062 1193 2284 1265 Exempel/

1087 1281 1208 1349 billig
1225 1289 1308 1336 mit
1318 1283 1444 1342 Ernſt
1455 1291 1502 1342 zu
1514 1280 1726 1334 verfahren
1738 1281 1807 1336 iſt:
1840 1278 1917 1329 So
1932 1276 2083 1326 wollen
2094 1277 2177 1322 und
2191 1274 2281 1320 ord⸗

1089 1353 1172 1389 nen
1183 1342 1298 1399 wir/
1312 1339 1394 1392 daß
1410 1333 1647 1391 obgedachte
1657 1327 1838 1389 Falliten/
1848 1332 1895 1379 in
1911 1329 2032 1382 dieſer
2041 1328 2186 1376 Stadt
2198 1326 2280 1373 und

1092 1400 1270 1450 Gebiete
1279 1398 1389 1447 nicht
1403 1395 1523 1448 ſollen
1540 1391 1731 1448 geleitet/
1746 1386 1909 1445 ſondern
1919 1393 2056 1434 wann
2066 1384 2122 1441 ſie
2135 1383 2286 1431 betret⸗

1094 1454 1187 1508 ten/
1218 1451 1266 1499 in
1282 1445 1526 1508 gefaͤngliche
1540 1433 1673 1502 Hafft
1684 1441 1958 1513 genommen ]
1985 1441 2068 1489 und
2086 1434 2183 1494 auff
2193 1436 2323 1487 dem

1093 1498 1396 1569 Winſerbaum
1406 1492 1678 1567 verwahrlich
1693 1493 1878 1560 behalten
1895 1502 2064 1552 werden.
2111 1497 2213 1549 Und
2231 1499 2284 1547 da

1092 1575 1258 1642 ſie/nach
1275 1569 1518 1632 beſchehener
1526 1555 1830 1630 Vergleichung
1840 1563 1922 1613 mit
1935 1558 2050 1622 ihren
2059 1545 2293 1615 Creditorn/

1092 1643 1242 1690 wieder
1255 1645 1305 1696 zu
1318 1630 1554 1694 haͤußlichen
1566 1619 1851 1692 Wohnungen
1869 1613 2084 1686 kommen/
2111 1623 2288 1680 alsdann

1095 1708 1147 1759 zu
1159 1701 1297 1751 keinen
1315 1693 1546 1757 Dignitaͤten
1556 1698 1726 1752 gezogen
1739 1677 1902 1744 werden
1912 1683 2044 1751 ſollen.

1608 1812 1657 1856 §.
1712 1809 1778 1848 III.

1197 1876 1330 1931 Atque
1350 1871 1430 1915 hæc
1445 1884 1528 1928 quæ
1539 1867 1620 1922 jam
1631 1870 1711 1921 jam
1724 1866 1813 1917 dixi,
1821 1865 1873 1909 ad
1888 1877 1957 1907 eos
1973 1875 2132 1921 quoque
2147 1860 2293 1907 debito-

1103 1944 1160 1970 res
1171 1933 1402 1981 Interpretes
1418 1917 1694 1979 applicandum
1704 1922 1895 1968 ſtatuunt,
1923 1921 1990 1972 qui
2001 1929 2082 1958 non
2089 1909 2203 1959 unicè
2217 1906 2309 1954 cul-

1099 1992 1153 2051 pâ
1166 1992 1251 2046 ſuâ,
1272 1992 1334 2034 ſed
1345 1992 1486 2047 partim
1506 1985 1690 2034 fortunæ,
1712 1984 1855 2039 partim
1867 1984 2032 2041 proprio
2042 1983 2137 2026 vitio
2152 1979 2217 2025 ſua
2227 1976 2291 2020 de-

1104 2059 1310 2093 coxerunt,
1335 2058 1381 2083 ut
1391 2060 1462 2085 nec
1474 2047 1515 2084 hi
1529 2045 1581 2084 ad
1597 2043 1815 2083 Ceſſionem
1827 2039 2060 2079 admittendi
2070 2038 2154 2080 ſint,
2173 2019 2296 2083 arg.l.

1097 2116 1167 2169 fin.
1183 2112 1232 2162 §.
1245 2113 1313 2163 fin.
1324 2108 1376 2167 ff.
1396 2110 1513 2170 Quæ
1527 2111 1572 2152 in
1583 2105 1771 2160 fraudem
1789 2104 1931 2155 credit.
1958 2101 2098 2152 Freier.
2114 2103 2163 2147 de
2177 2098 2296 2147 Solut.

1102 2183 1175 2231 cap.
1192 2186 1214 2225 7.
1235 2174 1383 2217 membr.
1399 2184 1418 2225 5.
1436 2187 1464 2214 n.
1484 2176 1551 2221 148.
1590 2165 1697 2226 Heig.
1704 2167 1787 2212 P.1.
1798 2160 1894 2222 Qu.
1902 2174 1950 2215 35.
1972 2176 1997 2205 n.
2003 2174 2068 2217 49.
2095 2163 2114 2207 &
2134 2164 2185 2206 ibi
2192 2157 2297 2208 alleg.

1104 2219 1252 2272 Strach.
1267 2229 1317 2267 de
1337 2214 1611 2267 Decoctoribus
1630 2229 1668 2285 P.
1675 2238 1715 2281 2.
1731 2244 1814 2274 n.2.
1836 2235 1878 2281 &
1902 2239 1954 2277 P.
1965 2223 2091 2266 3.n.2.
2113 2213 2239 2255 Farin.
2257 2223 2293 2241 in
