2518 2898
1691 543 1738 590 38

1137 603 1306 649 theranus,
1326 607 1359 644 &
1368 604 1409 643 ſic
1418 605 1458 643 ab
1467 617 1508 644 eo
1517 606 1589 646 ſolo
1605 609 1757 648 hactenus
1774 609 1942 650 ſcamnum
1957 611 2023 648 hoc
2035 619 2225 662 occupatur,
2242 621 2297 651 tæ-

1136 663 1192 698 dio
1202 659 1332 698 forſitan
1349 661 1414 707 ejus
1429 670 1570 711 captum,
1580 664 1682 701 alium
1706 664 1760 703 ſibi
1771 666 1886 704 locum
1901 665 2105 717 quæſiturum
2116 666 2199 721 fote,
2210 667 2250 705 ſic
2264 681 2296 706 e-

1122 706 1205 751 nim
1211 725 1279 764 pag.
1293 729 1341 761 90.
1353 714 1477 761 ſcribit:
1508 717 1586 763 Und
1599 720 1697 768 ſtehet
1706 719 1844 769 dahin/
1842 721 1940 766 weiln
1984 723 2170 774 Magdeburg
2192 720 2295 769 quali-

1135 777 1235 805 tatem
1254 768 1428 806 clericalem
1442 770 1523 818 auch
1543 771 1636 818 nicht
1646 766 1760 822 laͤnger
1777 773 1831 815 als
1850 775 1902 816 bis
1926 774 2007 820 nach
2029 776 2221 826 Abſterben
2237 779 2296 820 des

1134 816 1252 867 Herrn
1276 807 1537 869 Adminiſtratoris
1558 818 1668 877 Auguſti
1683 818 1836 877 behaͤlt/
1851 824 1961 873 ſodann
1980 826 2034 866 das
2044 826 2161 879 Stifft
2176 825 2296 874 Luͤbeck

1136 868 1244 920 einig
1261 873 1342 912 und
1351 870 1475 913 allein
1488 861 1616 922 beſagte
1626 873 1719 917 dritte
1730 873 1860 921 Banck
1868 882 1975 919 werde
1991 874 2122 928 halten/
2124 881 2201 921 oder
2219 888 2295 920 neu⸗

1134 929 1174 961 en
1183 914 1439 974 Sesſion-Streit
1461 927 1522 967 mit
1540 927 1641 967 denen
1668 928 1790 968 andern
1806 925 1951 976 anſahen
1966 924 2119 980 muͤſſen;
2173 935 2295 971 Verum

1133 975 1199 1013 hæc
1216 977 1401 1023 conjectura
1415 977 1479 1013 huc
1491 990 1589 1025 usque
1599 979 1716 1016 effectu
1740 982 1801 1018 fuit
1818 981 1984 1026 deſtituta,
2011 993 2070 1019 nec
2088 981 2151 1020 tale
2167 986 2244 1035 quid
2255 988 2294 1022 in

1122 1016 1277 1058 futurum
1294 1023 1504 1057 metuendum
1514 1022 1574 1059 eſſe
1585 1026 1753 1065 credimus,
1772 1025 1805 1059 id
1817 1030 1901 1063 enim
1917 1030 2062 1067 tenderet
2078 1038 2191 1064 contra
2206 1032 2293 1080 ipſis-

1129 1077 1242 1115 ſimam
1259 1078 1406 1117 Inſtrum.
1428 1081 1526 1121 Pacis,
1541 1090 1693 1129 tanquam
1715 1083 1808 1131 Legis
1826 1082 2087 1126 fundamentalis,
2106 1085 2290 1136 dispoſitio-

1129 1142 1228 1174 nem,
1254 1145 1325 1181 quæ
1337 1134 1417 1177 vult,
1425 1147 1467 1173 ut
1480 1137 1565 1173 electi
1583 1148 1641 1172 aut
1654 1138 1805 1187 poſtulati
1828 1139 2083 1183 Archi-Epiſcopi,
2103 1143 2291 1191 Epiſcopi
2259 1138 2296 1189 &

1128 1180 1257 1220 Prælati
1277 1184 1358 1229 Aug.
1373 1182 1467 1231 Conf.
1481 1177 1608 1222 addicti
1607 1185 1770 1234 ſesſionem
1787 1187 1820 1222 in
1835 1193 1968 1226 Scamno
1982 1188 2064 1224 inter
2083 1189 2290 1239 eccleſiaſticos

1128 1236 1168 1274 &
1179 1236 1336 1281 ſeculares
1350 1237 1533 1274 intermedio
1559 1240 1578 1276 &
1601 1239 1776 1286 transverſo
1792 1242 1929 1289 capiant.
1983 1245 2022 1279 Et
2047 1244 2122 1283 licet
2137 1243 2289 1280 articulus

1126 1288 1182 1326 iſte
1196 1287 1235 1324 de
1250 1287 1392 1339 pluribus
1402 1288 1607 1340 loquatur,
1576 1287 1606 1340 id
1616 1302 1725 1329 tamen
1740 1293 1779 1329 ad
1797 1304 1922 1342 tempus
1935 1294 2167 1345 pacificationis
2178 1298 2221 1336 eſt
2238 1294 2287 1335 re-

1125 1328 1322 1382 ferendum,
1349 1348 1417 1386 quo
1438 1340 1542 1387 plures
1555 1341 1640 1388 Aug.
1659 1341 1760 1379 Conf.
1777 1345 1942 1394 Principes
1957 1344 2155 1386 eccleſiaſtici
2175 1345 2342 1385 extite-

1122 1401 1211 1433 runt,
1222 1404 1324 1441 neque
1336 1392 1529 1443 ſingularem
1542 1408 1714 1435 numerum
1721 1399 1877 1438 excludit.
1926 1401 2116 1440 Lubecenſis
2135 1405 2232 1442 etiam
2245 1408 2304 1441 E-

1123 1448 1272 1491 piſcopus
1283 1450 1436 1488 tempore
1441 1459 1675 1494 pacificationis
1682 1458 1746 1499 jam
1770 1455 1849 1490 certò
1872 1454 1973 1495 ſcivit,
1989 1454 2013 1490 ſe
2037 1464 2211 1495 membrum
2231 1458 2283 1494 hu-

1110 1485 1177 1547 jus
1177 1485 1311 1542 ſcamni
1311 1487 1496 1545 ſolitarium
1496 1490 1685 1556 aliquando
1685 1493 1771 1548 fore
1771 1495 1971 1553 extitorum,
1982 1497 2094 1556 neque
2094 1498 2212 1549 tamen
2212 1500 2289 1553 ſibi

1109 1542 1166 1577 de
1182 1542 1248 1577 alio
1264 1540 1344 1577 loco
1356 1537 1531 1594 proſpexit,
1552 1540 1688 1593 adeoque
1711 1548 1808 1584 tacitè
1825 1548 1869 1583 in
1880 1549 2046 1586 ſesſionem
2067 1549 2150 1584 hanc
2167 1559 2283 1600 perpe-

1121 1599 1213 1625 tuam
1223 1587 1409 1629 conſenſiſſe
1427 1593 1587 1634 creditur:
1610 1596 1767 1642 neque
1723 1594 1761 1643 de
1775 1596 1912 1633 ſolitaria
1922 1597 1984 1634 hac
1995 1598 2045 1634 ſua
2057 1597 2189 1636 ſesſione
2200 1613 2282 1637 con-

1126 1646 1216 1692 queri
1228 1642 1346 1681 neceſſe
1356 1645 1463 1688 habet,
1472 1659 1547 1682 cum
1562 1639 1595 1683 in
1606 1646 1691 1692 caſu,
1707 1659 1762 1696 quo
1776 1651 1860 1698 Aug.
1874 1648 1977 1688 Conf.
1993 1649 2165 1703 Epiſcopus
2178 1657 2280 1690 eccle-

1105 1699 1172 1738 ſiæ
1200 1695 1438 1747 Cſnabrugenſi
1460 1698 1664 1756 præſicitur,
1697 1702 1723 1739 is
1741 1699 1924 1744 conſortem
1946 1705 2077 1744 Scamni
2092 1708 2133 1743 ad
2153 1718 2281 1758 tempus

1103 1750 1157 1793 ſit
1170 1751 1345 1789 habiturus.

1599 1825 1634 1862 §.
1678 1826 1786 1862 XIIX.

1233 1862 1394 1903 Cæterum
1407 1874 1482 1899 cum
1502 1867 1651 1915 numerus
1668 1865 1746 1914 Aug.
1758 1863 1861 1906 Conf.
1877 1866 2080 1912 addictorum
2101 1868 2275 1921 Epiſcopa-

1112 1918 1210 1950 tuum
1222 1923 1290 1950 tam
1297 1916 1435 1963 exiguus
1451 1913 1499 1958 ſit,
1514 1913 1694 1965 quæritur:
1730 1923 1856 1958 Annon
1871 1917 1940 1968 ſpes
1955 1919 2099 1973 ſuperſit,
2124 1935 2199 1961 eum
2214 1922 2273 1960 ali-

1112 1968 1246 2015 quando
1256 1970 1386 2008 auctum
1401 1971 1463 2011 iri?
1499 1975 1551 2010 De
1568 1984 1635 2023 quo
1645 1970 1719 2013 ſanè
1734 1974 1829 2013 valdè
1845 1975 2072 2022 dubitandum,
2090 1978 2135 2016 ob
2152 1978 2275 2016 confir-

1111 2028 1253 2066 matum,
1259 2020 1364 2065 (juxta
1369 2030 1586 2067 communem
1598 2026 1779 2071 Doctorum
1787 2030 2000 2071 opinionem)
2005 2034 2038 2072 in
2046 2033 2198 2070 Inſtrum.
2200 2040 2276 2080 Pac.

1106 2070 1315 2117 Reſervatum
1333 2075 1419 2112 illud
1434 2071 1699 2120 eccleſiaſticum,
1722 2076 1836 2121 vigore
1856 2076 1940 2130 cujus
1960 2079 2142 2123 Catholicus
2154 2077 2275 2126 Archi-

1106 2122 1296 2172 Epiſcopus,
1311 2121 1497 2174 Epiſcopus,
1505 2126 1669 2170 Prælatus,
1678 2127 1741 2164 &c.
1756 2120 1959 2178 religionem
1977 2132 2063 2180 Aug.
2083 2130 2186 2169 Conf.
2203 2139 2270 2169 am-

1092 2165 1262 2214 plectens,
1275 2173 1362 2210 famâ
1379 2174 1509 2224 quidem
1521 2176 1715 2226 honoreque
1729 2178 1857 2215 illibato
1873 2190 2035 2220 manente,
2046 2180 2152 2218 ſtatim
2170 2177 2270 2226 jure

1103 2211 1202 2269 ſuo
1165 2230 1244 2273 (i.e.
1248 2225 1393 2264 munere,
1401 2226 1566 2272 dignitate,
1587 2221 1671 2278 loco)
1682 2231 1808 2270 excidit,
1817 2231 2005 2278 fructusque
2018 2236 2035 2266 &
2062 2234 2180 2267 reditus
2188 2234 2268 2269 citra

1103 2287 1231 2315 moram
1242 2282 1276 2317 &
1286 2280 1511 2329 exceptionem
1521 2281 1634 2318 cedere
1643 2286 1782 2329 cogitur.
1792 2284 1884 2335 Inſtr.
1897 2286 1962 2324 Pac.
1972 2284 2140 2334 art.5.§.15.
2164 2287 2265 2323 Auth.

1088 2328 1165 2374 des
1172 2329 1353 2382 Teutſchen
1368 2328 1658 2384 Reichs⸗Staats
1676 2340 1762 2382 Tom.
1779 2340 1825 2396 Il.
1840 2331 1930 2381 P.V.
1953 2351 1981 2377 c.
1994 2338 2023 2378 I.
2053 2339 2071 2387 §.
2092 2333 2165 2391 38.
2186 2343 2266 2378 Hoc

2159 2399 2269 2437 igitur
