2754 3259
244 516 286 537 En
293 513 363 540 effet,
370 513 440 541 aprés
445 514 542 540 l'avoir
549 509 637 542 pouſſé
643 510 692 540 fort
703 508 777 541 loin,
781 507 811 542 &
819 509 844 540 l'

216 542 285 567 avoir
295 550 384 570 encore
394 549 441 571 une
447 544 499 566 fois
506 545 553 565 mis
563 555 593 571 en
605 541 731 569 deſordre;
743 544 762 567 il
779 536 844 570 paſſe

213 571 252 597 ſur
263 575 305 601 lui,
322 575 333 598 &
342 576 437 606 I'ayant
446 574 493 600 fait
502 576 607 603 tomber,
612 573 632 605 il
638 577 675 601 lui
681 577 778 601 arracha
792 585 841 604 une

212 605 314 635 ſeconde
327 608 378 634 fois
384 608 429 636 ſon
436 606 505 640 épee,
514 610 538 635 &
546 611 584 638 lui
590 609 675 637 donna
680 611 798 637 quartier.

504 763 549 794 VI.

211 851 369 895 Deſcription
383 850 444 897 d'un
448 859 559 887 Homme
576 855 655 887 hardi
676 856 709 891 &
723 858 844 892 vaillant

426 894 481 918 dans
495 901 526 917 un
539 894 633 919 combat.

210 957 246 1025 S

246 957 258 999 I
267 973 299 990 un
306 966 410 991 homme
423 967 493 993 hardi
504 968 527 992 &
540 967 642 995 vaillant
655 974 788 996 rencontre
796 970 840 997 ſon

246 1000 384 1027 ennemi,il
384 1001 409 1028 le
420 1001 523 1031 regarde
531 1002 561 1027 de
575 1008 667 1027 travers
682 1010 739 1029 avec
754 1012 787 1029 un
806 1007 839 1030 ris

211 1034 309 1061 ſevere;
320 1032 409 1059 faiſant
415 1035 484 1065 juger
492 1035 566 1065 qu’il
580 1036 604 1059 le
611 1032 723 1065 mépriſe,
735 1035 750 1070 &
761 1039 840 1071 qu’il

212 1063 239 1088 Ie
246 1070 350 1089 menace
356 1070 414 1091 tout
420 1064 553 1092 enſemble.

243 1155 292 1180 S’il
299 1154 362 1180 croit
368 1157 435 1189 qu’il
443 1155 516 1184 faille
516 1156 640 1186 attaquer,
648 1157 668 1182 il
679 1160 778 1185 marche
785 1168 840 1187 vers

210 1183 248 1208 Iui
257 1185 269 1207 à
278 1187 367 1214 grands
374 1192 425 1217 pas,
433 1187 496 1211 mais
503 1192 656 1218 gravement,
663 1190 686 1212 la
694 1190 763 1214 taille
772 1190 841 1216 droi-

210 1217 237 1239 te
245 1217 268 1238 &
274 1217 363 1242 ferme,
371 1219 394 1241 le
407 1216 498 1242 ſourcil
506 1215 584 1244 elevé,
597 1218 620 1241 &
628 1218 665 1243 les
672 1226 733 1251 yeux
743 1221 837 1245 étince-

208 1246 275 1272 lans,
283 1249 332 1277 qui
332 1248 454 1279 ſemblent
467 1250 566 1275 vouloir
573 1250 645 1276 ſortir
654 1252 684 1276 de
692 1254 745 1277 leur
755 1254 840 1286 place,

210 1278 236 1303 &
247 1286 405 1306 commencer
412 1281 437 1306 le
443 1280 555 1308 combat,
563 1287 635 1306 avant
644 1284 712 1315 qu’il
719 1284 766 1312 ſoit
774 1291 836 1311 venu

209 1318 259 1338 aux
272 1313 360 1340 mains.

240 1354 351 1399 Carſans
365 1364 431 1397 ſiller
441 1366 479 1398 les
486 1363 624 1397 paupieres,
631 1364 656 1394 &
668 1364 723 1397 ſans
730 1378 834 1400 prendre

207 1402 283 1431 garde
291 1402 304 1425 à
312 1408 406 1427 aucune
415 1409 485 1428 autre
490 1403 588 1430 choſe,
576 1401 595 1433 il
603 1407 639 1430 les
647 1406 711 1430 tient
718 1407 834 1438 toûjours

209 1432 305 1457 arrétez
312 1432 350 1456 ſur
357 1433 407 1457 lui:
422 1434 442 1456 il
446 1432 575 1462 conſidere
579 1433 624 1459 ſon
631 1441 696 1466 port,
703 1435 726 1461 ſa
732 1438 831 1462 démar-

208 1464 263 1486 che,
271 1463 305 1485 ſes
315 1467 404 1488 armes,
411 1463 430 1486 il
438 1465 460 1485 le
469 1460 571 1491 meſure,
581 1465 605 1487 &
615 1464 706 1490 ſemble
718 1466 832 1491 chercher

208 1492 241 1516 de
254 1493 307 1517 loin
321 1493 357 1515 les
365 1492 477 1518 endroits
485 1493 529 1523 qui
538 1493 591 1518 ſont
600 1495 636 1521 les
644 1496 700 1526 plus
713 1496 832 1523 foibles,

207 1524 234 1549 &
249 1528 364 1554 marquer
376 1530 437 1549 ceux
450 1530 495 1556 qui
513 1531 643 1553 recevront
660 1525 697 1552 ſes
711 1530 830 1561 premiers

209 1566 296 1591 coups.

236 1613 389 1647 Cependant
389 1613 413 1647 il
420 1614 544 1643 l’aborde
551 1624 609 1643 avec
615 1626 650 1644 un
663 1616 751 1646 ſilence
758 1619 802 1647 fier
810 1620 834 1647 &

205 1650 373 1682 dédaigneux,
379 1653 403 1677 le
411 1651 479 1678 front
488 1648 583 1684 ramaſſe
593 1661 662 1681 entre
669 1655 706 1679 les
711 1654 833 1684 ſourcils,

203 1684 229 1709 la
237 1683 287 1707 téte
295 1689 329 1708 un
338 1690 383 1713 peu
392 1685 488 1713 baiſſée,
497 1687 521 1710 &
530 1692 586 1711 tout
593 1689 617 1712 le
625 1693 697 1717 corps
704 1688 758 1718 plié
772 1690 785 1713 &
794 1697 831 1714 ra-

206 1718 293 1736 courci
303 1721 333 1736 en
343 1713 379 1736 lui
387 1721 478 1738 méme.
508 1717 531 1739 Il
531 1716 677 1744 l'attaque,
675 1713 698 1745 il
703 1720 728 1742 le
737 1717 832 1746 pouſſe,

204 1742 224 1767 il
234 1744 256 1766 le
265 1741 350 1771 preſſe,
357 1744 382 1765 &
393 1744 520 1772 appellant
526 1744 539 1768 à
545 1745 589 1770 ſon
603 1745 701 1769 ſecours
709 1751 776 1769 cette
784 1753 830 1772 no-

205 1771 246 1796 ble
253 1770 336 1795 fureur
343 1771 388 1799 qui
393 1777 467 1800 regne
474 1771 534 1795 dans
541 1775 578 1797 Ies
585 1775 705 1801 combats,
706 1773 726 1804 il
731 1777 755 1800 ſe
761 1776 830 1802 laiſſe

205 1804 332 1826 emporter
342 1806 385 1831 par
391 1802 450 1828 elle,
456 1803 481 1825 &
488 1803 660 1828 s’abandonne
666 1803 736 1828 enfin
736 1804 753 1829 à
758 1812 831 1830 toute

204 1831 230 1856 la
243 1828 337 1858 fougue
350 1825 365 1862 &
379 1835 454 1854 toute
464 1827 653 1864 I'impetuoſité
662 1833 725 1860 dont
733 1835 782 1859 elle
796 1836 830 1860 eſt

205 1863 320 1898 capable.

237 1923 310 1950 C'eſt
317 1921 383 1944 alors
390 1917 448 1944 auſſi
455 1921 506 1951 que
507 1916 530 1955 le
542 1918 581 1946 feu
590 1921 626 1947 lui
635 1926 721 1950 monte
729 1930 759 1948 au
768 1922 828 1949 viſa-

202 1968 251 1990 ge,
263 1958 312 1973 que
325 1953 348 1967 ſa
357 1952 417 1968 veûe
424 1952 524 1970 devient
535 1950 670 1973 farouche,
685 1954 709 1971 &
717 1956 767 1979 que
767 1955 831 1981 tout

202 1992 250 2019 ſon
251 1992 304 2011 air,
313 1986 357 2011 ſon
366 1992 442 2017 port,
463 1989 486 2014 &
494 1989 516 2015 ſa
525 1990 590 2014 mine
597 1988 627 2016 ſe
627 1988 728 2017 rendent
740 1986 826 2021 formi-

202 2019 307 2049 dables:
324 2015 360 2031 ſes
368 2015 476 2034 cheveux
487 2015 510 2033 ſe
518 2015 649 2036 heriſſent,
668 2017 711 2035 ſon
725 2017 794 2037 front
800 2019 826 2042 ſe

200 2050 262 2064 ride;
275 2051 310 2068 ſes
318 2052 416 2070 narines
426 2045 602 2073 s'elargiſſent,
612 2048 634 2064 &
644 2052 727 2068 toutes
734 2048 770 2069 ſes
778 2051 826 2072 vei-

201 2085 246 2098 nes
256 2080 311 2096 ſont
320 2078 410 2097 enflées
423 2080 447 2096 &
461 2081 584 2099 tenduës:
601 2080 698 2101 Tantôt
713 2080 731 2101 il
740 2080 826 2105 ſouffle

202 2117 262 2128 avec
269 2112 440 2134 impetuoſité,
448 2111 562 2140 tantôtil
562 2112 652 2142 retient
663 2112 706 2130 ſon
714 2114 828 2139 haleine,

202 2146 229 2160 &
238 2144 330 2161 ſerrant
341 2143 378 2159 les
386 2145 465 2173 lévres
473 2145 497 2161 &
504 2146 541 2161 les
550 2145 640 2171 dents,
646 2146 664 2163 il
674 2144 781 2173 déploye
791 2148 828 2169 les

201 2176 284 2201 bras,
300 2176 324 2199 &
338 2176 460 2207 decharge
474 2177 505 2201 de
516 2176 572 2210 plus
585 2178 675 2212 grands
691 2177 702 2204 &
723 2180 754 2205 de
770 2180 850 2213 plus

201 2208 287 2240 peſans
298 2214 383 2240 coups.

232 2268 255 2290 Il
261 2265 347 2295 frappe
359 2265 387 2289 la
387 2265 453 2290 terre
459 2268 492 2291 du
498 2266 548 2296 pié,
555 2267 572 2291 il
582 2270 698 2296 s’élance,
707 2269 727 2296 il
737 2268 828 2297 faute,

201 2299 222 2324 il
232 2296 257 2322 ſe
270 2296 321 2329 plié
334 2297 360 2322 &
372 2297 396 2322 la
412 2299 485 2325 süeur
500 2299 537 2322 lui
550 2299 685 2326 découlant
698 2304 730 2327 de
742 2309 824 2329 toutes

200 2333 280 2359 parts,
288 2328 316 2362 ſe
322 2329 386 2354 mele
396 2336 453 2355 avec
461 2332 485 2357 le
498 2329 555 2362 ſang
572 2332 596 2355 &
605 2331 724 2364 pouſſiere
732 2335 795 2361 dont
806 2335 825 2359 il

201 2361 236 2384 eſt
244 2363 360 2385 couvert,
380 2361 394 2384 &
407 2358 488 2385 forme
493 2367 519 2391 je
525 2368 557 2385 ne
566 2356 614 2391 ſais
626 2362 709 2394 quelle
719 2366 824 2390 couleur

201 2390 326 2420 affreuſe,
342 2391 387 2424 qui
398 2392 423 2418 le
430 2392 491 2421 rend
501 2399 590 2423 encore
603 2394 658 2426 plus
670 2393 825 2428 épouventa-

200 2430 250 2455 ble.

474 2551 545 2577 VII.

330 2600 491 2644 Deſcription
501 2603 564 2633 d’un
579 2600 697 2644 Temple.

195 2714 246 2762 C

246 2714 265 2739 E
272 2712 377 2743 Temple
384 2712 418 2737 eſt
429 2718 536 2738 couvert
543 2715 574 2739 de
581 2716 672 2739 bronze
679 2715 754 2743 doré;
773 2717 791 2742 il
807 2725 820 2743 a

246 2746 328 2764 douze
336 2748 419 2764 portes
427 2745 460 2772 du
460 2745 555 2774 Bronze
560 2748 572 2761 à
581 2745 624 2763 bas
631 2746 713 2772 relief,
723 2747 734 2773 &
746 2748 821 2778 devat

193 2778 219 2805 la
229 2778 365 2808 principale,
369 2778 405 2803 ou
405 2778 457 2804 l'on
465 2786 550 2805 monte
558 2787 600 2812 par
606 2785 685 2807 trente
691 2781 780 2813 degrez
788 2785 820 2808 de

195 2805 291 2835 marbre
297 2805 397 2833 blanc,il
403 2810 418 2835 y
425 2812 438 2830 a
444 2811 491 2845 une
496 2807 589 2840 grande
592 2804 772 2842 placequarrée,
781 2806 826 2845 qui

908 513 969 535 Nam
978 509 1043 534 illum
1064 512 1118 542 longo
1131 512 1273 536 intervallo,
1295 509 1332 537 loco
1350 510 1438 539 pulſum

873 541 981 564 conturba
990 541 1023 564 vit
1034 541 1126 567 denuò,
1144 541 1170 565 &
1176 534 1325 568 ſupergreſſus
1337 536 1438 568 afflixit,

873 569 999 602 afflictoque
1014 574 1100 596 iterum
1111 575 1200 602 eripuit
1211 573 1301 604 enſem,
1316 573 1342 600 &
1359 579 1436 597 vitam

876 602 949 629 dedit.

1129 769 1177 791 VI.

925 853 981 886 Viri
994 852 1074 884 fortis
1085 853 1111 882 in
1131 853 1279 885 certamine
1289 857 1379 886 Gene-

1104 890 1201 919 roſitas.

873 955 907 1014 S

907 955 923 990 I
923 955 978 991 fortè
984 957 1081 986 incidat,
1091 963 1119 982 ut
1125 958 1206 989 excelſo
1218 960 1294 985 animo
1303 961 1351 989 vir,
1358 962 1382 985 in
1392 962 1435 985 ad-

907 993 1032 1016 verſarium
1041 990 1159 1013 incurrat,
1173 995 1241 1012 torvis
1246 997 1299 1011 eum
1309 989 1434 1014 luminibus

868 1024 989 1061 intuetur,
1003 1027 1030 1041 ac
1034 1019 1132 1050 ferocius
1132 1020 1257 1052 ſubridens
1270 1029 1390 1050 metitur;
1405 1031 1432 1048 ut

872 1060 911 1075 vel
918 1055 969 1074 inde
976 1052 1097 1082 ſignificet;
1110 1053 1191 1076 habere
1197 1055 1219 1081 ſe
1227 1055 1295 1078 illum
1302 1054 1434 1083 contemtui,

867 1088 980 1115 ſimulque
989 1083 1111 1116 perniciem
1121 1091 1238 1111 minitari.

904 1155 953 1173 Vbi
965 1140 1017 1163 verò
1031 1145 1115 1171 tempus
1122 1138 1192 1168 adeſſe
1200 1140 1264 1165 videt
1276 1143 1435 1167 committendi

871 1187 1016 1208 certaminis,
1025 1173 1103 1202 gradu
1114 1172 1235 1204 adverſum
1248 1182 1312 1199 venit
1323 1182 1432 1200 concitato

869 1219 908 1240 illo
920 1202 1067 1238 quidem,
1030 1202 1066 1238 ſed
1073 1211 1150 1236 gravi
1150 1211 1178 1237 ac
1185 1206 1325 1235 certo,erecta
1334 1216 1433 1237 cervice,

867 1249 930 1265 elatis
928 1241 1067 1268 ſuperciliis,
1073 1238 1185 1269 oculisque
1193 1237 1358 1267 ardentibus,ac
1366 1241 1432 1264 velut

867 1272 1016 1291 ambientibus
1021 1272 1120 1300 pugnam
1128 1269 1248 1299 auſpicati,
1262 1269 1271 1294 &
1287 1277 1347 1294 prius
1355 1271 1431 1300 confli-

864 1307 919 1333 gere
926 1303 1015 1327 obtutu,
1021 1309 1090 1334 quàm
1098 1310 1175 1329 manu.

895 1361 1005 1382 Hærentes
1013 1357 1128 1390 ſiquidem
1141 1359 1267 1391 defixosque
1280 1360 1304 1383 in
1311 1361 1365 1391 hoſte
1372 1367 1425 1383 ocu-

866 1393 897 1415 los
906 1393 985 1418 habet;
1001 1391 1108 1421 Inceſſum
1117 1398 1177 1421 ejus,
1184 1393 1347 1426 habitumque,
1348 1394 1373 1426 &
1386 1402 1424 1418 ar-

864 1427 902 1444 ma
908 1422 1072 1452 contemplatur
1081 1426 1179 1448 attente,
1185 1428 1284 1454 penitius
1293 1431 1365 1448 totum
1371 1430 1423 1455 per-

863 1455 945 1481 luſtrat
951 1453 1031 1478 oculis,
1043 1452 1129 1486 ſingula
1136 1460 1229 1488 corporis
1233 1457 1328 1480 membra
1336 1456 1422 1489 ſigilla-

864 1491 910 1509 tius
925 1485 990 1518 quaſi
1002 1487 1120 1519 perlegit;
1139 1491 1203 1512 velut
1218 1489 1270 1513 illas
1290 1488 1381 1522 deſignet
1392 1498 1420 1514 ex

864 1514 982 1547 longinquo
987 1520 1077 1549 partes,
1085 1523 1132 1550 quæ
1136 1522 1222 1547 priores
1224 1524 1274 1551 peti
1287 1517 1381 1546 debeant,
1388 1525 1429 1552 quæ

860 1554 971 1583 primores
982 1554 1099 1586 accipiant
1103 1552 1189 1585 plagas.

901 1613 953 1640 Sub
953 1614 1007 1641 hæc,
1012 1614 1087 1630 tacens
1092 1616 1120 1630 ac
1130 1608 1245 1639 frendens,
1255 1615 1356 1642 pugnam
1367 1611 1429 1638 init,

850 1640 944 1667 pedem
963 1638 1069 1668 confert,
1082 1644 1162 1662 manus
1175 1639 1289 1668 conſerit,
1309 1641 1425 1665 contracta

860 1674 954 1698 fronte,
968 1674 1042 1700 capite
1048 1670 1155 1703 nonnihil
1155 1669 1250 1704 depreſſo,
1259 1677 1354 1705 totisque
1362 1673 1389 1699 &
1399 1682 1424 1698 in

862 1704 913 1730 ſeſe
919 1702 1099 1725 coactisartubus,
1109 1701 1208 1724 audacia
1214 1710 1239 1726 in
1244 1703 1350 1733 furorem
1355 1704 1422 1733 verſa

864 1735 1058 1760 martium,capto
1071 1735 1159 1761 impetu
1171 1736 1226 1758 toto,
1235 1731 1315 1756 cunctis
1329 1734 1422 1758 collectis

861 1761 966 1788 viribus,
977 1761 1116 1791 furibundus
1127 1763 1213 1794 inſilit,
1227 1763 1297 1797 quàm
1316 1766 1419 1791 victoriæ

859 1799 935 1816 certus
941 1799 991 1816 tam
995 1795 1093 1826 periculi
1100 1795 1188 1821 oblitus,
1192 1800 1306 1830 petentem
1309 1803 1378 1830 petit,
1381 1798 1421 1829 fe-

862 1822 903 1853 rit,
912 1825 988 1854 cadit,
993 1826 1067 1857 urget,
1073 1828 1189 1859 propellit.

887 1914 946 1939 Tunc
958 1912 1017 1941 enim
1025 1913 1079 1940 verò
1092 1913 1130 1940 irâ
1141 1918 1318 1951 inflammatus,
1333 1919 1420 1950 aſpectu

858 1949 1011 1976 truculentus,
1022 1949 1111 1984 totôque
1120 1949 1267 1981 formidabilis
1273 1953 1363 1981 habitu,
1374 1963 1420 1979 ter-

859 1986 931 2003 rorem
940 1980 1026 2009 infert,
1036 1979 1211 2014 trepidationem
1221 1989 1306 2016 injicit.
1341 1985 1420 2010 Inhor-

857 2007 945 2045 reſcunt
955 2013 1022 2037 crines
1029 2016 1174 2047 exaſperatur
1183 2023 1207 2037 in
1216 2022 1281 2046 rugas
1289 2017 1336 2048 ipſa
1340 2017 1417 2047 frons,

858 2041 1003 2070 diducuntur
1019 2054 1101 2075 nares,
1119 2047 1215 2078 diſtentæ
1231 2051 1324 2078 turgent
1336 2057 1416 2076 venæ;

857 2081 916 2099 nunc
934 2086 950 2101 v
963 2082 1086 2103 hementius
1104 2082 1221 2107 anhelat,
1237 2082 1298 2104 modò
1314 2090 1416 2107 animam

857 2108 988 2142 comprimit
999 2109 1069 2143 ſimul
1075 2112 1149 2137 dentes
1157 2113 1183 2138 &
1190 2114 1262 2144 labra
1262 2115 1418 2149 comprimens,

859 2138 953 2165 brachia
964 2141 1068 2177 explicat,
1081 2144 1209 2179 graviusque
1218 2140 1283 2180 ferit.

885 2259 976 2287 Terram
980 2261 1036 2292 pede
1038 2262 1133 2289 ſubinde
1140 2266 1224 2294 petit;
1233 2264 1314 2290 irruit,
1325 2266 1419 2296 inſilit,

857 2294 942 2327 reſilit,
956 2294 999 2325 ſeſe
1012 2295 1106 2327 colligit.
1140 2296 1214 2321 Sudor
1233 2305 1319 2322 intereà
1332 2305 1417 2329 copiose

855 2330 956 2350 manans,
972 2325 1050 2355 fluenti
1066 2324 1170 2359 admiſtus
1177 2336 1252 2352 cruori
1260 2336 1284 2349 ac
1294 2331 1413 2362 pulveri;

855 2364 899 2389 quo
909 2358 991 2384 decorè
993 2355 1073 2393 ſordet,
1085 2368 1121 2383 oris
1132 2363 1219 2393 ſpeciem
1227 2363 1281 2385 dum
1291 2361 1371 2397 fœdat,
1379 2363 1412 2394 ef-

851 2390 927 2422 ferat,
935 2388 961 2416 &
970 2388 1034 2424 planè
1047 2390 1204 2423 formidabilem
1215 2394 1303 2422 reddit.

1098 2554 1171 2585 VII.

988 2610 1102 2652 Templi
1122 2611 1284 2652 deſcriptio.

852 2719 932 2767 Æ

933 2719 966 2743 Re
972 2719 1077 2745 inauratô
1090 2720 1216 2753 contegitur
1229 2723 1266 2747 hoc
1275 2722 1410 2756 Templum,

933 2752 1031 2773 duodenis
1042 2751 1149 2783 pateſcens
1155 2760 1183 2775 ex
1190 2760 1230 2776 ære
1237 2759 1328 2784 januis,
1343 2760 1410 2785 opere

852 2778 977 2811 dimidiatæ
984 2786 1122 2815 eminentiæ;
1142 2782 1224 2809 quarum
1240 2779 1412 2811 primariam,ad

851 2822 921 2850 quam
934 2818 1025 2844 tricenis
1036 2818 1049 2845 è
1061 2819 1216 2853 candidißimo
1229 2829 1342 2848 marmore
1353 2828 1409 2851 gra-

1496 513 1535 542 D
1545 518 1596 544 ann
1601 515 1704 541 nachdem
1724 516 1740 542 er
1749 511 1790 544 ihn
1800 513 1841 542 ſehr
1858 512 1908 545 weit
1921 515 2034 545 getrieben/
2041 520 2089 545 und

1469 540 1511 568 ihn
1530 542 1645 567 nochmals
1654 548 1678 566 in
1685 541 1847 572 Verwirrung
1854 542 1971 575 gebracht/
1976 540 2009 576 hat
2021 550 2042 569 er
2049 547 2090 572 ihn

1469 576 1627 607 angegriffen/
1639 576 1662 612 zu
1685 576 1752 612 Boden
1762 579 1898 610 geworffen/
1911 583 1956 607 und
1981 583 2019 609 ihn
2030 587 2084 609 zum

1468 609 1565 636 zweyten
1572 606 1618 633 mal
1626 606 1722 640 wehrloß
1733 604 1851 644 gemacht/
1855 611 1901 639 und
1911 609 2010 638 Quartir
2020 614 2085 641 gege⸗

1470 646 1518 671 ben.

1748 771 1792 795 VI.

1464 856 1668 901 Beſchreibung
1675 859 1751 896 eines
1756 859 1939 900 unverzagten
1950 862 2067 903 tapffern

1599 901 1697 930 Manns
1708 903 1733 930 in
1746 906 1816 930 einem
1825 901 1935 933 Kampff.

1459 958 1541 1022 W

1541 963 1595 991 Ann
1601 968 1637 989 ein
1644 966 1789 995 unverzagter
1796 961 1916 1000 tapfferer
1913 964 1987 995 Mann
1997 968 2070 995 ſeinen

1541 997 1608 1019 Feind
1613 995 1712 1029 antrifft/
1721 996 1783 1029 ſiehet
1790 998 1811 1023 er
1819 996 1927 1021 denſelben
1935 996 2067 1026 uͤberzwerch

1463 1031 1506 1056 mit
1518 1033 1589 1056 einem
1602 1026 1745 1060 ernſthafften
1759 1032 1840 1060 Lachen
1848 1034 1896 1057 an/
1903 1033 1949 1058 und
1959 1033 2011 1063 gibt
2020 1035 2069 1059 ihm

1462 1064 1558 1091 dadurch
1565 1065 1592 1090 zu
1598 1060 1714 1095 erkennen/
1721 1061 1764 1093 daß
1771 1069 1794 1091 er
1798 1063 1839 1093 ihn
1845 1060 1965 1095 verachte/
1964 1067 2013 1093 und
2019 1067 2071 1096 ihm

1465 1098 1558 1129 zugleich
1564 1097 1634 1130 drohe.

1494 1152 1615 1183 Nachdem
1623 1158 1645 1180 er
1653 1154 1703 1181 aber
1711 1157 1813 1187 meynet/
1818 1155 1861 1186 daß
1869 1158 1891 1183 es
1904 1156 1955 1187 Zeit
1971 1153 2023 1186 ſey/
2028 1159 2070 1186 ihn

1464 1186 1627 1220 anzugreiffen/
1631 1186 1692 1215 gehet
1701 1189 1725 1212 er
1732 1188 1776 1212 mit
1782 1185 1886 1217 ſtarcken/
1892 1187 1962 1217 jedoch
1968 1185 2071 1219 gravitaͤ⸗

1464 1218 1539 1248 tiſchen
1549 1217 1685 1249 Schritten/
1693 1218 1746 1250 gerad
1755 1216 1942 1253 auffgerichtetem
1955 1224 2016 1250 Leib/
2023 1227 2069 1246 zor⸗

1463 1252 1538 1277 nigem
1551 1249 1662 1279 Geſicht/
1669 1250 1706 1282 und
1721 1249 1869 1280 funckelenden
1878 1251 1976 1280 Augen/
1993 1252 2070 1279 welche

1461 1280 1574 1311 ſcheinen/
1586 1280 1621 1304 als
1629 1280 1654 1303 ob
1664 1280 1699 1308 ſie
1705 1286 1737 1305 von
1744 1283 1802 1309 ihrer
1811 1281 1890 1309 Stelle
1901 1284 2008 1312 weichen/
2022 1283 2069 1309 und

1462 1311 1504 1336 den
1510 1309 1590 1336 Streit
1596 1309 1711 1340 anfangen
1719 1312 1811 1347 wolten/
1815 1313 1844 1347 ehe
1854 1311 1880 1343 ſie
1888 1317 1918 1339 an
1926 1313 2026 1341 einander
2033 1312 2072 1343 kaͤ⸗

1458 1344 1525 1371 men/
1527 1344 1576 1374 auff
1597 1347 1635 1371 ihn
1641 1347 1685 1371 loß.

1488 1370 1564 1394 Dann
1576 1372 1597 1392 er
1613 1369 1652 1396 hat
1663 1368 1745 1396 dieſelbe
1759 1370 1817 1400 ſteiff
1826 1374 1871 1399 und
1885 1371 1929 1399 veſt
1939 1371 1990 1401 anff
1994 1373 2064 1400 ſeinen

1455 1402 1527 1435 Feind
1541 1401 1660 1434 gerichtet/
1665 1403 1710 1431 und
1720 1405 1766 1430 gibt
1775 1404 1824 1434 auff
1824 1404 1897 1435 nichts
1909 1408 1989 1433 anders
1999 1410 2064 1433 acht/

1454 1434 1544 1465 ſondern
1555 1434 1674 1462 betrachtet
1687 1435 1756 1466 deſſen
1767 1433 1904 1465 Geberden/
1915 1437 2072 1464 Leibs⸗Stel⸗

1455 1468 1510 1493 lung
1516 1465 1562 1491 und
1577 1464 1691 1496 Waffen/
1700 1466 1747 1494 und
1756 1467 1859 1496 ſcheinet/
1870 1470 1904 1494 als
1916 1470 1980 1495 wolte
1992 1475 2013 1494 er
2022 1471 2061 1495 ſich

1460 1499 1512 1523 nach
1522 1498 1581 1521 denen
1596 1493 1797 1527 Leibs⸗Gliedern/
1802 1495 1824 1529 ſo
1835 1502 1875 1525 am
1889 1498 2006 1530 wenigſten
2016 1503 2066 1525 ver⸗

1459 1529 1543 1555 wahret
1554 1528 1619 1558 ſeyn/
1627 1526 1674 1554 und
1688 1533 1723 1555 wo
1729 1528 1754 1560 er
1763 1530 1818 1560 ſeine
1833 1529 1959 1563 Streiche
1949 1527 1979 1563 am
1992 1530 2063 1564 beſten

1448 1565 1584 1599 anbringen
1591 1561 1665 1599 koͤnte/
1675 1568 1787 1599 umſehen.

1490 1621 1637 1651 Milttlerweil
1654 1622 1719 1652 faͤngt
1735 1628 1757 1649 er
1767 1624 1810 1651 den
1820 1626 1926 1655 Kampff
1937 1624 2070 1657 ſtillſchwei⸗

1457 1653 1526 1684 gend/
1534 1655 1607 1684 trotzig
1615 1656 1660 1680 und
1667 1657 1699 1681 die
1704 1654 1772 1687 zaͤhne
1777 1657 1908 1687 zuſammen
1915 1656 2013 1689 beiſſend/
2020 1654 2067 1686 an/

1454 1686 1562 1714 ruͤmpffet
1573 1690 1604 1714 die
1619 1685 1714 1714 Stirn/
1724 1690 1789 1718 beugt
1798 1692 1836 1716 den
1845 1691 1925 1716 Kopff
1931 1699 1965 1715 ein
1972 1688 2065 1721 wenig/

1451 1716 1499 1742 und
1505 1717 1617 1748 ſchmieget
1624 1720 1664 1742 den
1671 1723 1761 1747 gantzen
1767 1721 1818 1746 Leib
1818 1721 1850 1743 in
1862 1724 1974 1747 einander.
1994 1725 2064 1748 Hier⸗

1451 1745 1507 1775 auff
1515 1746 1576 1778 gehet
1590 1754 1611 1774 er
1626 1748 1706 1778 ſeinem
1714 1750 1781 1780 Feind
1793 1751 1846 1778 auff
1849 1752 1888 1777 den
1900 1747 1962 1779 Leib/
1980 1750 2059 1781 ſchlaͤgt

1451 1777 1504 1808 auff
1510 1779 1547 1804 ihn
1557 1784 1587 1808 zu/
1593 1777 1667 1809 treibet
1684 1775 1720 1810 ihn
1732 1786 1761 1806 von
1766 1782 1838 1809 einem
1846 1782 1894 1807 Ort
1901 1790 1950 1810 zum
1964 1785 2056 1808 andern/

1450 1810 1496 1837 und
1502 1807 1559 1840 laͤſſet
1566 1811 1645 1837 ſeinem
1652 1816 1714 1839 zorn/
1726 1813 1792 1841 Wut
1803 1815 1850 1840 und
1859 1813 1961 1840 Grimm
1966 1807 2008 1841 ſo
2008 1807 2058 1840 weit

1449 1842 1518 1870 zaum
1527 1840 1572 1868 und
1579 1838 1640 1873 zuͤgel
1647 1842 1763 1875 ſchieſſen/
1765 1843 1807 1871 daß
1815 1848 1837 1870 er
1847 1843 1901 1872 aller
1910 1843 2002 1874 Gefahr
2011 1850 2066 1871 ver⸗

1451 1868 1528 1903 giſſet/
1530 1871 1575 1897 und
1583 1869 1643 1902 einig
1649 1874 1695 1899 und
1702 1873 1769 1901 allein
1775 1874 1866 1907 darauff
1874 1876 1961 1907 bedacht
1969 1876 2010 1907 iſt/
2016 1881 2060 1904 wie

1451 1908 1473 1931 er
1482 1904 1554 1932 ſeinen
1565 1905 1626 1935 Feind
1636 1906 1696 1932 unter
1704 1904 1751 1938 ſich
1754 1908 1846 1937 bringen
1852 1905 1923 1940 moͤge.

1484 1931 1588 1957 Alsdann
1595 1932 1668 1962 ſteiget
1677 1934 1726 1959 ihm
1733 1936 1787 1961 auch
1793 1936 1834 1959 das
1841 1934 1908 1964 Feuer
1918 1936 1954 1962 ins
1962 1930 2063 1964 Geſicht/

1450 1967 1506 1998 ſeine
1519 1971 1591 1998 gantze
1606 1968 1698 1998 Geſtalt
1704 1972 1752 1997 und
1766 1972 1883 2001 Geberden
1892 1965 2002 1999 veraͤndern
2013 1966 2060 1999 ſich

1453 2003 1476 2023 in
1484 1999 1529 2023 eitel
1538 1997 1638 2026 Grimm
1648 2000 1694 2024 und
1704 2000 1781 2032 Wut/
1790 2002 1862 2029 womit
1871 1999 1891 2031 er
1900 2003 1978 2028 ſeinem
1986 2002 2057 2031 Feind

1450 2034 1512 2055 einen
1522 2029 1645 2059 Schrecken
1653 2033 1754 2061 einjagt;
1760 2033 1791 2061 die
1800 2034 1875 2063 Haare
1881 2028 1964 2065 beiſten
1971 2033 2021 2062 ſich/
2030 2029 2059 2062 die

1449 2058 1517 2093 Stirn
1519 2061 1621 2093 runtzelt
1629 2060 1671 2096 ſich
1672 2063 1814 2094 zuſammen/
1821 2067 1852 2092 die
1865 2064 2015 2096 Naſenloͤcher
2013 2061 2063 2094 ſte⸗

1449 2093 1491 2120 hen
1498 2096 1549 2120 weit
1557 2092 1622 2124 offen/
1631 2095 1677 2120 und
1683 2093 1725 2127 alle
1735 2095 1784 2123 ſeine
1799 2098 1854 2124 Adern
1866 2094 1940 2129 blaͤhen
1951 2093 1988 2128 ſich
1997 2092 2058 2129 auff/

1450 2127 1501 2154 bald
1509 2125 1622 2156 ſchnaubet
1631 2133 1649 2154 er
1662 2125 1698 2157 fuͤr
1706 2129 1776 2162 zorn/
1777 2129 1827 2157 bald
1833 2129 1880 2167 haͤlt
1891 2128 1912 2162 er
1922 2133 1961 2158 den
1967 2132 2055 2159 Athem

1449 2155 1545 2189 zuruͤck/
1550 2156 1617 2191 beiſſet
1628 2160 1660 2184 die
1673 2157 1754 2190 Lippen
1767 2160 1812 2186 und
1831 2160 1898 2189 zaͤhne
1916 2157 2061 2190 zuſammen/

1447 2190 1497 2217 hebt
1504 2190 1534 2216 die
1543 2189 1614 2216 Arme
1621 2188 1678 2224 auff/
1685 2192 1732 2217 und
1740 2191 1819 2220 ſchlaͤgt
1827 2193 1880 2223 auff
1880 2193 1950 2225 ſeinen
1968 2193 2055 2224 Feind/

1446 2225 1469 2255 ſo
1478 2224 1542 2254 ſtarck
1549 2226 1585 2251 als
1591 2232 1613 2252 er
1619 2233 1703 2254 immer
1711 2228 1761 2253 kan/
1771 2232 1809 2256 zu.

1476 2280 1510 2306 Er
1518 2279 1627 2310 ſtampffet
1644 2282 1682 2306 mit
1690 2282 1727 2309 den
1734 2279 1812 2314 Fuͤſſen
1821 2283 1874 2315 auff
1891 2285 1918 2312 die
1936 2284 2019 2312 Erden/
2034 2290 2058 2312 er

1446 2308 1529 2345 greiffet
1543 2317 1605 2343 ſeinen
1617 2315 1684 2348 Feind
1696 2322 1738 2345 mit
1748 2313 1913 2350 Ungeſtuͤmme
1917 2314 1967 2345 an/
1978 2321 2051 2346 ſprin⸗

1444 2347 1480 2372 get
1488 2348 1512 2368 in
1520 2344 1552 2371 die
1560 2342 1632 2376 Hoͤhe/
1642 2351 1662 2370 er
1669 2345 1782 2375 ſchmieget
1789 2348 1827 2374 ſich
1840 2347 1982 2375 zuſammen/
2004 2349 2053 2374 und

1443 2376 1530 2407 ſtehet/
1542 2378 1619 2404 indem
1626 2377 1674 2407 ihm
1688 2380 1724 2405 der
1735 2380 1849 2410 Schweiß
1854 2379 1907 2406 uͤber
1919 2382 1959 2405 den
1966 2386 2055 2409 gantzen

1443 2408 1491 2434 Leib
1499 2407 1558 2435 herab
1570 2410 1638 2440 laufft/
1663 2411 1701 2438 und
1715 2415 1754 2438 mit
1775 2412 1824 2440 Blut
1833 2414 1878 2439 und
1891 2414 1978 2438 Staub
1990 2415 2051 2441 gantz

1444 2437 1524 2466 bedeckt
1532 2439 1568 2468 iſt/
1574 2440 1594 2467 ſo
1602 2437 1692 2472 greßlich
1704 2439 1766 2476 auß/
1775 2441 1817 2471 daß
1825 2441 1864 2474 ſich
1876 2443 2004 2473 jedermann
2012 2441 2050 2474 fuͤr

1443 2475 1494 2505 ihm
1500 2475 1601 2508 entſetzen
1614 2477 1675 2508 ſolte.

1718 2575 1782 2596 VII.

1485 2626 1689 2671 Beſchreibung
1702 2629 1778 2665 eines
1789 2629 1937 2672 Tempels/
1945 2631 2014 2668 oder

1698 2672 1806 2702 Kirchen.

1444 2726 1509 2788 D

1509 2726 1574 2763 Jeſer
1583 2729 1678 2758 Tempel
1693 2727 1718 2757 iſt
1737 2731 1782 2757 mit
1795 2730 1946 2760 verguͤldetem
1957 2731 2007 2764 Ertz
2015 2732 2051 2759 be⸗

1509 2763 1583 2792 decket/
1591 2766 1631 2782 hat
1638 2762 1712 2783 zwoͤlff
1724 2759 1838 2788 metallene
1853 2762 1940 2785 Thuͤren
1947 2765 1991 2780 von
2009 2762 2047 2783 po⸗

1441 2795 1503 2818 lirter
1518 2795 1613 2823 Arbeir/
1629 2799 1669 2820 vor
1685 2797 1716 2821 der
1731 2795 1813 2826 groſſen
1832 2797 1969 2826 Hauptthuͤr
1979 2798 2044 2824 aber/

1439 2826 1467 2855 zu
1486 2822 1551 2853 deren
1570 2829 1629 2854 man
1648 2824 1702 2859 auff
1710 2823 1813 2865 dreyſſig
1831 2823 1930 2866 Staffeln
1944 2835 1979 2858 von
1989 2823 2049 2854 weiſ⸗
