2763 3429
264 667 349 708 V.13.
359 665 416 704 So
425 669 465 702 du
472 666 578 703 deinen
592 666 648 709 fuß
657 672 718 701 von
726 668 796 701 dem
804 662 930 708 ſabbath

244 702 363 749 kehreſt,
371 704 433 746 daß
439 705 481 739 du
490 707 568 748 nicht
576 708 669 747 thuſt,
675 709 746 739 was
753 703 802 735 dir
809 702 931 743 gefaͤllet

245 759 285 785 an
293 750 423 788 meinem
430 750 557 795 heiligen
566 756 652 794 tage:
674 751 703 793 ſo
720 751 817 785 wirds
825 749 872 784 ein
888 749 934 787 lu⸗

244 794 334 839 ſtiger
349 795 471 839 ſabbath
487 796 605 839 heiſſen,
624 798 681 832 den
695 795 881 833 HERRN
898 805 935 839 zu

243 833 371 879 heiligen
387 838 449 869 und
466 845 501 878 zu
516 831 637 878 preiſen.
688 831 789 874 Denn
804 833 833 875 ſo
850 834 934 878 wirſt

243 880 287 912 du
311 876 494 920 denſelbigen
517 876 646 919 preiſen:
681 882 771 909 wenn
793 876 834 909 du
855 875 935 918 nicht

244 919 327 959 thuſt
341 917 426 951 deine
433 923 533 958 wege;
551 917 626 957 noch
632 914 781 950 darinnen
788 912 936 954 erfunden

248 962 359 1000 werde,
366 965 435 995 was
444 960 492 995 dir
499 960 620 1003 gefaͤllet
629 963 699 993 oder
707 963 777 992 was
784 959 825 993 du
825 959 938 1001 redeſt.

292 1009 336 1033 14.
356 999 496 1035 Alsdenn
519 995 604 1042 wirſt
628 1002 670 1032 du
692 996 750 1041 luſt
772 997 869 1039 haben
884 1006 939 1033 am

245 1034 443 1084 HERRN,
443 1038 507 1082 und
500 1036 546 1082 ich
561 1037 630 1080 will
630 1037 697 1078 dich
705 1036 778 1074 uͤber
786 1038 832 1074 die
841 1034 937 1081 hoͤhen

246 1080 307 1123 auf
320 1083 411 1117 erden
424 1076 572 1123 ſchweben
593 1076 695 1123 laſſen,
709 1081 774 1115 und
786 1073 857 1115 will
873 1081 935 1118 dich

249 1120 356 1166 ſpeiſen
364 1124 423 1163 mit
431 1128 501 1158 dem
510 1124 578 1155 erbe
586 1125 690 1155 deines
698 1126 804 1157 vaters
812 1119 940 1165 Jacob;

248 1167 329 1203 denn
345 1170 401 1202 des
417 1165 603 1208 HERRN
618 1164 715 1200 mund
728 1161 821 1207 ſagts.

968 684 1101 727 עשורל
1154 675 1262 741 רגלף
1294 675 1460 727 ΤΡ
1513 679 1749 724 בישת
1648 676 1672 734 τ
1694 676 1743 734 אם
1774 690 1814 721 3

967 728 1116 794 לשפרז
1177 727 1311 801 וקראת
1371 727 1480 807 קרשי
1517 724 1625 788 ביום
1636 750 1756 800 חפצף

969 789 1135 857 וכבּרֶתל
1159 791 1308 860 מכבר
1302 790 1311 864 =
1329 800 1447 857 יהודל
1471 793 1480 805 |
1501 795 1650 869 לקרוש"
1672 792 1757 858 ענג.

1073 794 1087 799 —
1101 795 1115 801 —

971 861 1069 933 ובר
1092 856 1214 934 חַפְצה
1237 856 1399 933 ממצופת
1430 856 1557 933 רַרְביה.
1580 860 1756 920 מעשורז

1647 927 1756 988 דבר:

974 978 1179 1054 וְהרכַּבְתִיף
1247 998 1334 1052 πῆρ
1354 1011 1381 1018 -
1399 998 1471 1042 על
1493 1011 1509 1061 |
1533 1001 1672 1040 תתענג
1707 990 1757 1040 אז
1782 1018 1824 1042 4

969 1073 1131 1141 ΤΠ
1164 1066 1369 1138 והאכלפיף.
1400 1090 1493 1141 אָרֶץ
1510 1062 1681 1142 ΤΌΣ
1668 1081 1677 1137 =
1701 1061 1758 1137 על

1112 1162 1219 1207 רַבָּר:
1257 1155 1344 1202 יהוָה
1365 1159 1407 1203 פי
1438 1159 1480 1205 כי
1510 1145 1613 1205 אביף
1644 1153 1748 1207 יעקב

781 1237 870 1277 Das
907 1240 1005 1280 LΙΧ.
1051 1234 1208 1280 Capitel.

321 1282 418 1317 Verfall
430 1282 472 1314 der
490 1279 580 1318 kirchen
596 1279 668 1317 durch
680 1279 717 1311 die
730 1285 816 1315 menge
832 1278 874 1309 der
887 1279 1005 1315 gottloſen
1017 1278 1067 1309 und
1083 1279 1201 1314 heuchler.
1237 1280 1370 1314 Derſelben
1383 1280 1527 1311 zuͤchtigung
1539 1287 1589 1307 und
1607 1289 1695 1310 ſtraffe.

688 1322 755 1359 Jhre
779 1320 897 1358 maͤchtige
916 1323 1017 1358 rettung
1041 1322 1114 1358 durch
1135 1323 1179 1353 den
1197 1322 1325 1356 Meſſiam.

254 1373 332 1447 S

332 1373 421 1417 Jehe,
433 1381 512 1412 des*
521 1377 696 1417 HERRN
710 1377 792 1416 hand
811 1377 849 1413 iſt
862 1377 945 1415 nicht

338 1426 377 1453 zu
390 1418 487 1455 kurtz,
506 1418 569 1456 daß
583 1426 616 1449 er
629 1417 712 1451 nicht
718 1416 821 1455 helfen
832 1417 946 1456 koͤnne;

253 1460 318 1488 und
330 1457 403 1494 ſeine
417 1456 514 1492 ohren
530 1457 596 1494 ſind
608 1457 693 1489 nicht
710 1458 787 1487 dicke
804 1462 946 1494 worden,

254 1505 318 1538 daß
332 1511 364 1533 er
378 1502 460 1536 nicht
475 1501 568 1538 hoͤre:
658 1504 703 1543 *4
711 1497 844 1542 Moſ.II,
852 1506 897 1537 23.
908 1505 945 1531 ꝛc.

296 1546 323 1568 2.
346 1537 500 1571 Sondern
513 1545 586 1571 eure
599 1544 800 1575 untugenden
814 1544 947 1573 ſcheiden

254 1578 327 1614 euch
349 1580 414 1611 und
438 1587 531 1611 euren
556 1581 655 1614 GOtt
682 1589 763 1610 von
780 1585 948 1617 einander;

253 1628 317 1657 und
333 1633 404 1659 eure
426 1622 544 1662 ſuͤnden
564 1624 578 1642 *
578 1623 811 1661 verbergen
778 1627 836 1666 das
858 1624 949 1661 ange⸗

255 1666 327 1704 ſicht
352 1672 416 1698 von
441 1665 528 1706 euch,
563 1665 628 1705 daß
647 1665 700 1702 ihr
718 1664 801 1700 nicht
822 1667 949 1699 gehoͤret

252 1706 381 1742 werdet.
646 1706 948 1755 *Mich.3,4.

298 1750 323 1782 3.
346 1740 469 1778 Denn*
477 1749 547 1777 eure
553 1729 653 1783 haͤnde
666 1740 732 1790 ſind
743 1746 802 1776 mit
815 1745 884 1776 blut
897 1749 949 1776 be⸗

255 1781 348 1827 fleckt,
382 1780 427 1825 und
449 1789 514 1817 eure
515 1781 619 1831 finger
631 1781 692 1815 mit
701 1789 879 1823 untugend:
897 1788 950 1817 eu⸗

254 1837 287 1864 re
303 1828 403 1872 lippen
417 1830 499 1865 reden
512 1824 653 1876 falſches,
661 1834 731 1863 eure
747 1835 841 1862 zunge
849 1830 949 1871 tichtet

254 1866 488 1916 unrechts.
591 1873 841 1910 *c.I,15.Ezech.
847 1880 948 1914 23,45.

298 1924 330 1957 4.
352 1915 404 1954 Es
413 1915 451 1960 iſt
464 1915 621 1960 niemand,
644 1917 697 1952 der
711 1923 773 1955 von
788 1918 949 1966 gerechtig⸗

255 1952 313 1985 keit
326 1953 447 1993 predige
463 1957 534 1986 oder
552 1958 677 1994 treulich
693 1960 791 1995 richte.
856 1959 948 1988 Man

257 1998 411 2030 vertrauet
416 1995 491 2034 aufs
498 1998 592 2031 eitele,
601 2003 663 2032 und
672 2005 754 2031 redet
760 2001 859 2037 nichts
872 2007 948 2040 tuͤch⸗

258 2031 357 2072 tiges
369 2034 442 2066 mit*
448 2033 566 2077 ungluͤck
566 2046 643 2076 ſind
619 2050 688 2091 ſie
696 2043 876 2091 ſchwanger,
885 2043 949 2086 und

253 2058 386 2104 geberen
409 2078 499 2106 muͤhe.
686 2091 789 2132 *Hiob
803 2106 844 2139 15,
861 2106 949 2142 35.ꝛc.

303 2117 327 2152 5.
351 2104 418 2146 Sie
418 2093 539 2158 bruͤten
554 2115 708 2158 baſilisken
721 2138 800 2166 eyer,
818 2142 865 2165 und
877 2132 950 2171 wir⸗

258 2158 325 2197 cken
332 2157 510 2205 ſpinneweb.
553 2150 636 2203 Jſſet
652 2163 726 2208 man
734 2172 786 2190 von
797 2169 893 2213 ihnen
893 2170 953 2212 ey⸗

260 2216 324 2251 ern,
338 2208 368 2252 ſo
386 2208 462 2259 muß
477 2217 551 2249 man
566 2206 700 2256 ſterben:
712 2207 851 2258 zertritt
865 2211 952 2254 mans

261 2247 345 2293 aber,
359 2258 388 2284 ſo
403 2246 502 2292 fuͤhret
517 2247 582 2286 eine
605 2252 682 2284 otter
697 2249 819 2291 heraus.

305 2297 335 2329 6.
376 2287 446 2338 Jhr*
458 2291 603 2341 ſpinneweb
638 2297 727 2338 taugt
740 2292 820 2335 nicht
834 2302 872 2337 zu
884 2292 953 2332 klei⸗

260 2329 346 2373 dern,
359 2334 424 2365 und
438 2331 486 2365 ihr
499 2336 638 2375 gewircke
646 2341 737 2366 taugt
751 2337 831 2372 nicht
843 2342 897 2374 zur
904 2338 954 2366 de⸗

260 2375 325 2411 cke:
345 2378 423 2413 denn
444 2376 480 2412 ihr
489 2380 582 2414 werck
597 2381 634 2420 iſt
649 2380 753 2421 muͤhe,
759 2388 821 2410 und
830 2383 862 2410 in
869 2383 953 2419 ihren

262 2412 381 2456 haͤnden
397 2416 433 2460 iſt
448 2423 551 2455 frevel.
755 2441 864 2487 *Hiob
872 2447 953 2484 8,14.

305 2474 335 2499 7.
357 2456 452 2510 Jhre*
467 2461 553 2512 fuͤſſe
559 2465 672 2513 lauffen
687 2476 758 2513 zum
773 2472 871 2511 boͤſen,
888 2479 951 2506 und

260 2498 325 2533 ſind
340 2489 449 2541 ſchnell
456 2504 627 2542 unſchuldig
641 2512 708 2534 blut
724 2523 760 2535 zu
775 2517 953 2541 vergieſſen:

260 2527 325 2580 ihre
339 2540 501 2580 gedancken
515 2551 579 2589 ſind
593 2554 698 2599 muͤhe,
711 2559 758 2598 ihr
765 2565 833 2605 weg
838 2562 875 2612 iſt
884 2562 953 2604 eitel

262 2584 425 2624 verderben
434 2590 495 2623 und
503 2585 623 2632 ſchaden.
697 2606 810 2649 *Roͤm.
810 2621 904 2659 3,15.
915 2630 951 2654 ꝛc.

306 2634 334 2669 8.
347 2624 413 2665 Sie
421 2625 530 2665 kennen
546 2630 598 2664 den
603 2616 672 2671 weg
672 2639 731 2670 des
740 2639 851 2672 friedes
860 2647 951 2672 nicht,

260 2680 324 2717 und
335 2675 371 2719 iſt
378 2674 442 2714 kein
451 2675 529 2718 recht
541 2676 566 2724 in
575 2678 657 2722 ihren
671 2685 813 2731 gaͤngen:
833 2695 871 2742 ſie
886 2697 952 2743 ſind

260 2722 396 2764 verkehrt
404 2717 463 2767 auf
473 2720 559 2767 ihren
565 2721 705 2773 ſtraſſen;
729 2739 785 2776 wer
800 2736 890 2776 drauf
903 2745 952 2789 ge⸗

260 2767 329 2814 het,
350 2761 404 2807 der
419 2767 472 2814 hat
486 2758 619 2807 nimmer
635 2773 736 2806 keinen
750 2777 853 2813 friede.

982 1371 1144 1452 מחושיע
1167 1392 1293 1433 היהוה
1312 1399 1352 1433 יר
1390 1383 1691 1445 הןלא-נמצררה
1724 1399 1745 1448 |
1783 1414 1815 1434 א

1183 1438 1193 1452 -
1219 1456 1223 1500 ו
1238 1437 1384 1515 משמוע
1413 1442 1492 1506 אזנו
1530 1445 1642 1525 ברה
1669 1446 1678 1484 =
1681 1447 1763 1524 ולא

979 1512 1183 1566 מבליליבץ
1233 1529 1294 1563 ἢ
1324 1506 1701 1565 Ἐν
1584 1517 1604 1571 =
1625 1528 1692 1571 אבש
1724 1510 1768 1560 כי
1789 1536 1809 1557 2

977 1563 1234 1653 והמאותיבט
1265 1563 1463 1657 אלהיכבם.
1507 1573 1593 1647 לבין
1642 1577 1769 1638 בינפם

981 1662 1048 1687 הרז

1139 1657 1161 1686 =
1200 1634 1370 1713 משמוע!
1388 1638 1476 1718 מכָם
1504 1667 1600 1721 פכים
1620 1646 1769 1711 הסתירו

981 1722 1270 1777 ואצפעותיפ=?
1303 1705 1392 1766 ברם
1426 1707 1542 1766 ננאלו
1562 1708 1708 1765 כפיכם
1726 1711 1768 1765 כי
1788 1735 1808 1765 3

982 1771 1144 1849 לשנְכֶם
1159 1772 1289 1848 שמָר
1298 1774 1395 1849 וברו
1429 1771 1657 1839 שפתותיכם.
1667 1776 1769 1849 בעָוֶן

1457 1836 1615 1901 ΡΠ
1642 1844 1770 1902 Σὸν

982 1922 1282 1971 נשפט-פאמונה
1310 1931 1386 1985 ואין
1416 1905 1550 1981 בצרק
1563 1905 1652 1984 קרא
1671 1907 1768 1986 אין-
1790 1938 1815 1971 4

985 1966 1056 2044 חַרו
1099 1968 1174 2046 ἈΠ
1226 1971 1247 2039 ה
1262 1972 1473 2048 ורב
1400 1975 1472 2044 תהל
1491 1977 1526 2014 =
1541 1978 1620 2043 על
1638 1995 1646 2050 |
1664 1983 1770 2044 בטוח

1353 2039 1358 2046 |
1408 2061 1494 2112 און:
1515 2044 1645 2101 והוליר
1665 2046 1771 2102 עמל

980 2087 1120 2170 עבביש
1145 2122 1149 2126 >
1182 2117 1285 2163 וקורי
1323 2111 1428 2168 בפעו
1473 2101 1641 2155 צפוכל
1682 2110 1768 2152 ביצי
1788 2131 1819 2157 ה

987 2164 1131 2227 זהוגלה
1149 2159 1243 2225 ימות
1269 2167 1478 2240 מביציהבם
1505 2176 1633 2222 ΝΕ
1650 2178 1760 2223 יארגו

987 2233 1065 2296 יהי
1086 2230 1188 2306 לאה.
1210 2236 1365 2305 קוריהם.
1471 2263 1481 2288 1
1505 2244 1633 2290 אפעה
1650 2244 1769 2298 תבקע
1788 2268 1812 2288 6

982 2284 1183 2370 מעשיףֶם'
1198 2302 1406 2379 במעשיתם
1432 2311 1545 2370 "תכסי
1569 2314 1642 2377 ולא
1665 2315 1769 2376 לגד

1088 2366 1105 2423 :
1119 2365 1279 2430 בכפיהם
1291 2365 1400 2424 חמס
1427 2369 1531 2426 ופעל
1541 2371 1642 2441 "און
1652 2377 1767 2426 מעשי

990 2439 1112 2513 לשפף
1161 2430 1296 2498 ΤΠ
1325 2432 1408 2499 רצו
1469 2432 1551 2500 לרע
1578 2440 1579 2442 |
1589 2436 1771 2500 רגליהם
1790 2470 1813 2503 ל

987 2502 1063 2584 און
1076 2500 1298 2585 מחשבותת
1316 2501 1564 2586 מחשְבְתִיהֶם.
1590 2511 1673 2583 נקי
1686 2514 1769 2570 רב

1298 2577 1528 2661 idnhdea
1555 2579 1664 2654 ושבר
1703 2584 1771 2650 שר

1604 2574 1629 2603 -

988 2662 1113 2723 משפט
1144 2668 1240 2724 ΡΝῚ
1268 2659 1354 2728 עו
1414 2653 1489 2713 לא
1515 2646 1761 2728 שלוס'
1678 2643 1748 2732 ΠΥ
1792 2682 1814 2717 8

929 2718 1100 2800 hr
1127 2730 1238 2794 wer
1290 2713 1519 2792 donen,
1567 2711 1771 2783 םתלגעמב

1182 2798 1316 2867 ἐπὴν
1339 2790 1418 2867 ירע
1437 2788 1495 2871 לא
1508 2796 1575 2874 בה
1590 2790 1684 2873 ἼΣΗ
1698 2793 1772 2873 9

1868 1094 1894 1126 ןי
1911 1094 2002 1126 יתיר

1874 1185 1925 1214 כאן
1960 1182 1998 1209 ער
