1714 2571
483 279 896 325 IMPERATORIS
896 279 1017 325 LIB.
1017 279 1110 325 VI.

1225 291 1296 328 101

360 361 412 403 νε.
435 366 475 401 Εἰ
486 359 707 413 κυβεονῶνται
731 363 761 398 οἱ
781 362 907 412 ναῦται,
931 360 950 406 ἡ
969 361 1180 415 ἰατρεύονται
1196 367 1225 403 οἱ
1240 380 1303 403 κά-

244 434 377 464 µνοντες
392 418 504 458 κακῶς
525 415 653 465 ἔλεγον,
678 412 780 468 ἄλλω
802 418 861 456 τίνι
885 417 926 456 ὰν
951 422 1154 471 προσεῖχιον;
1185 420 1204 464 ἢ
1229 422 1302 466 πῶς

245 476 348 512 αὐτὸς
381 474 523 521 ἐνεργοίη
552 470 590 508 τὸ
616 474 683 514 τοῖς
712 471 883 524 ἐμπλέȣεσι
911 471 1084 525 σωτήριον,
1120 473 1139 516 ἢ
1167 476 1205 513 τὸ
1233 482 1301 527 τοῖς

238 528 522 582 ϑεϱαπευομένοις
544 526 698 579 ὑγιεινόν;

360 588 418 628 νς΄.
446 588 563 632 Πόσοι
584 589 666 637 μεϑ᾽
683 588 724 629 ὧν
751 590 910 634 εἰσῆλθον
929 592 973 632 εἰς
998 588 1051 627 τὸν
1069 588 1208 639 κόσμον,
1233 590 1297 636 ἤδη

236 644 532 701 ἀπεληλύθασνι;

361 701 421 754 νζ.
448 702 622 755 Ίκτεϱιῶσι
647 701 684 740 τὸ
702 701 782 753 μέλι
802 701 915 755 πικϱὸν
939 704 1105 753 Φαίνεται
1135 701 1190 752 καὶ
1212 711 1297 743 λυσ-

243 755 422 806 σοδήκτοις
450 759 488 800 τὸ
513 760 603 814 ὕδωϱ
633 760 790 814 Φοβεϱόν
822 765 879 811 καὶ
902 760 1050 807 παιδίοις
1079 760 1117 801 τὸ
1145 766 1296 817 σφαιϱίον

241 814 360 856 καλόν.
390 819 430 858 τί
454 817 491 858 ȣν
522 816 721 872 ὀϱγίζομαι;
754 820 772 865 ἢ
804 818 894 865 δοκεὶ
919 837 972 861 σοι
1006 821 1155 862 ἔλασσον
1184 821 1296 873 ἰχύειν

238 872 277 911 τὸ
305 872 563 925 διειψευσμένον,
594 878 612 914 ἢ
636 871 674 910 τὸ
696 876 814 921 χολίον
835 876 882 926 τῷ
905 874 1093 929 ἰκτεϱιῶντι,
1120 871 1179 925 καὶ
1208 879 1223 913 ό
1252 874 1296 920 ἰὁς

237 935 288 986 τῷ
306 931 561 988 λυσσοδήκτω;

357 988 410 1033 νή.
439 987 541 1028 Κατα
563 988 617 1027 τὸν
639 988 742 1040 λόγον
765 991 822 1034 τῆς
844 992 904 1035 σῆς
930 990 1067 1043 Φύσεως
1083 991 1158 1042 βιȣν
1178 1010 1220 1031 σε
1242 994 1293 1032 ού-

238 1041 309 1087 δεὶς
339 1042 497 1083 κωλύσαι
536 1040 637 1095 παϱὰ
659 1047 713 1083 τὸν
736 1043 838 1095 λόγον
863 1048 921 1088 τῆς
951 1048 1055 1091 κοινῆς
1075 1045 1212 1098 Φύσεως
1242 1049 1293 1086 ού-

232 1099 291 1143 δέν
317 1117 371 1140 σοι
391 1100 622 1153 συμβήσεται.

348 1154 417 1202 νϑ.
449 1160 530 1214 Οἷοί
545 1161 633 1205 εἰσιν,
662 1161 707 1204 οἷς
729 1158 872 1203 ϑέλȣσιν
892 1160 1060 1216 ἀϱέσκειν,
1088 1158 1145 1212 καὶ
1169 1159 1211 1202 δί
1236 1166 1292 1205 οἷα

236 1214 482 1266 πεϱιγινόµενα,
515 1215 571 1266 καὶ
597 1215 640 1257 δί
664 1220 734 1257 οἵων
758 1216 930 1271 ἐνεϱγειῶν.
951 1217 993 1261 ὡς
1015 1216 1151 1268 ταχέως
1175 1219 1190 1258 ὁ
1213 1217 1291 1261 αἰὼν

235 1280 357 1317 παντα
378 1272 543 1329 καλύψει,
572 1276 628 1328 καὶ
651 1275 720 1319 ὁσα
742 1276 916 1332 ἐκάλυψεν
943 1278 1017 1329 ἤδη.

325 1398 375 1435 55.
399 1390 432 1422 Si
455 1391 656 1434 gubernatori
679 1401 806 1432 nautae,
835 1393 956 1426 medico
979 1397 1099 1437 aegroti
1124 1396 1288 1429 maledice-

237 1439 318 1471 rent,
343 1441 471 1475 ecquem
494 1435 589 1466 alium
613 1434 836 1471 auſcultarent?
865 1445 917 1467 aut
940 1448 1001 1479 quo
1018 1433 1116 1469 modo
1141 1438 1288 1479 exſeque-

235 1485 345 1509 rentur
358 1479 417 1517 illi,
433 1478 519 1519 quod
532 1478 753 1521 nauigantibus
763 1480 890 1513 ſalutem
904 1489 1036 1522 pareret,
1053 1483 1292 1522 aegrotantibus

229 1520 413 1560 ſanitatem?

303 1556 374 1594 56.
398 1559 501 1594 Quam
516 1556 606 1587 multi
623 1567 740 1593 eorum,
766 1561 951 1598 quibuscum
971 1561 1005 1590 in
1018 1561 1170 1592 mundum
1194 1561 1287 1592 intra-

230 1608 347 1637 neram,
368 1611 409 1633 ex
426 1602 538 1635 eodem
552 1604 612 1635 iam
626 1603 841 1641 exceſſerunt?

320 1646 370 1679 57.
391 1643 548 1682 Aurigine
563 1648 688 1673 adfeƈtis
711 1648 775 1674 mel
797 1652 935 1675 amarum
951 1648 1093 1680 videtur;
1114 1654 1133 1673 a
1145 1654 1222 1675 cane
1243 1656 1287 1677 ra-

231 1684 308 1718 bido
325 1684 431 1716 morſis
454 1694 533 1724 aqua
547 1686 771 1718 formidabilis:
795 1695 900 1719 contra
917 1689 1018 1728 pueris
1037 1688 1099 1728 pila
1121 1688 1286 1729 pulchrum

232 1725 317 1767 quid.
349 1734 446 1767 quare
459 1728 556 1768 igitur
571 1730 714 1769 cuiquam
729 1731 905 1765 ſuccenſes?
925 1740 963 1761 an
979 1731 1081 1763 minus
1097 1730 1181 1773 poſſe
1197 1742 1286 1773 putas

229 1767 346 1800 mentis
363 1775 509 1803 errorem,
531 1777 624 1808 quam
645 1766 729 1808 apud
744 1777 907 1810 arquatum
922 1770 1027 1808 bilem,
1050 1770 1132 1812 apud
1146 1771 1284 1815 lympha-

226 1811 323 1844 ticum
338 1811 444 1844 virus?

314 1852 365 1888 58.
389 1844 461 1886 Quo
479 1847 581 1881 minus
596 1847 764 1883 ſecundum
778 1858 906 1882 naturae
925 1850 1003 1885 tuae'
1018 1853 1173 1885 rationem
1187 1857 1283 1891 viuas,

229 1902 325 1927 nemo
349 1903 381 1927 te
402 1896 550 1938 coegerit.
583 1904 706 1937 praeter
728 1899 881 1931 rationem
897 1908 971 1930 vero
998 1908 1125 1931 naturae
1150 1910 1284 1931 commu-

227 1943 278 1974 nis
295 1943 377 1975 nihil
392 1943 450 1977 tibi
464 1943 640 1985 contigerit.

317 1987 371 2020 59.
391 1979 537 2025 Perpende
550 1988 654 2020 tecum,
679 1983 787 2024 quales
800 1983 868 2022 ſint,
883 1983 995 2026 quibus
1011 1984 1135 2027 placere
1152 1985 1281 2026 cupiunt

229 2027 319 2061 quam
331 2028 468 2067 plurimi,
501 2032 533 2055 et
557 2034 685 2064 quarum
706 2035 811 2057 rerum
832 2028 979 2068 potiundi
1003 2030 1099 2062 cauſſa
1128 2032 1162 2062 id
1179 2031 1281 2065 velint,

227 2068 406 2114 quibusque
426 2067 538 2115 officiis
560 2072 614 2115 iſta
630 2073 845 2109 demereantur.
871 2074 949 2106 item
970 2085 1062 2117 quam
1085 2077 1145 2109 cito
1167 2085 1281 2107 aeuum

229 2108 335 2146 omnia
349 2112 472 2155 condet,
490 2121 631 2156 quotque
646 2113 740 2149 etiam
756 2124 804 2150 res
820 2115 883 2151 iam
897 2118 1082 2152 condiderit.
