1947 3011
820 335 890 372 Cal

556 422 775 458 Cálf's - Pluck,
786 431 814 463 S.
838 429 879 461 ein
893 429 1096 473 Kalbsgekroͤſe,
1121 437 1169 468 das

592 460 728 493 Geſchlink
748 467 819 493 eines
837 469 950 495 Kalbes.

552 499 742 529 Cálf's - Skin,
768 501 795 526 S.
816 500 858 532 ein
873 502 1017 536 Kalbsfell.

554 527 682 565 Cáliber,
699 529 873 569 kaͤl' ⸗ liboͤrr,
913 539 976 566 auch
997 539 1164 578 kaͤlih' ⸗ boͤrr,

589 571 616 599 S.
639 576 681 602 der
699 571 881 608 Durchmeſſer
896 580 937 606 der
944 574 1092 613 Muͤndung
1103 584 1165 611 oder

584 607 629 634 der
652 604 737 635 Seele
769 610 839 636 eines
863 604 1086 645 Feuergewehres
1101 618 1162 644 oder

585 636 754 676 Geſchuͤtzes,
782 645 831 672 das
861 640 990 680 Kaliber;
1016 648 1080 681 auch
1118 652 1161 680 der

584 671 767 708 Durchmeſſer
783 682 855 705 einer
869 676 977 713 Kugel.

550 705 700 741 Calibòcus,
723 706 912 747 kaͤliboh' ⸗ kos,
930 715 955 739 S.
975 716 1016 745 ein
1026 715 1175 748 Amerika⸗

582 739 682 776 niſches
704 744 824 778 Getraͤnk
843 756 896 778 von
916 749 992 782 Rum
1016 755 1069 786 und
1092 754 1175 789 Bier

581 774 911 818 untereinandergemiſcht.

546 812 649 847 Cálice,
671 814 773 855 kaͤl' ⸗ is,
797 818 822 845 S.
842 819 882 848 ein
902 820 982 855 Kelch,
989 822 1041 862 ein
1045 825 1164 864 Becher.

579 848 623 878 the
636 850 725 880 sacred
744 854 845 885 Calice,
873 858 914 884 der
927 859 1062 895 geſegnete
1076 860 1157 895 Kelch

578 877 616 905 im
635 878 825 913 Abendmahle.

544 919 649 951 Cálico,
682 922 790 956 Cálicoe
805 933 835 952 or
851 927 967 959 Cállico,
990 927 1109 965 kaͤl' ⸗ iko,
1127 931 1156 960 S.

556 954 621 993 ein
646 958 816 996 indianiſcher
837 955 928 1000 Zeug,
962 965 1067 1006 welcher
1088 973 1154 1003 ganz

578 996 632 1024 aus
644 992 817 1028 Baumwolle
835 995 988 1036 verfertiget
1005 1000 1087 1036 wird,
1110 1005 1154 1033 da⸗

572 1035 664 1064 gegen
673 1031 720 1064 bey
736 1038 785 1064 den
800 1036 912 1066 Cottons
931 1041 995 1072 oder
1011 1034 1168 1074 Kattunen

575 1068 621 1094 der
637 1060 774 1103 Einſchlag
793 1068 886 1101 Leinen
902 1072 941 1104 iſt.

538 1091 632 1132 Cálid,
653 1094 763 1131 kaͤl' ⸗ id,
782 1101 824 1132 adj
857 1103 932 1133 heiß,
961 1106 1107 1136 brennend.

537 1130 669 1168 Calídity,
688 1133 826 1172 kaͤlid' ⸗ iti,
844 1140 869 1166 S.
888 1142 927 1170 die
937 1140 1059 1175 Waͤrme,
1066 1142 1163 1181 Hitze.

537 1167 690 1201 Cáliducts,
707 1168 889 1211 kaͤl' ⸗ idockts,
907 1176 934 1203 S.
964 1175 1076 1212 Roͤhren
1089 1183 1163 1209 oder

571 1205 677 1239 Kanaͤle
694 1209 718 1240 ſo
735 1214 784 1240 aus
801 1211 946 1246 Windoͤfen
957 1210 1047 1247 durch
1064 1212 1162 1253 einige

571 1236 686 1275 Zimmer
708 1238 745 1270 in
755 1244 810 1273 den
833 1244 1085 1285 Hauptſchornſtein
1111 1250 1150 1286 ge⸗

555 1269 659 1307 fuͤhret
669 1271 785 1310 werden.

533 1302 609 1339 Càlif
620 1319 650 1338 or
665 1309 774 1347 Càliph,
788 1311 910 1350 kaͤh' ⸗ liff,
923 1317 954 1346 S.
976 1316 1005 1352 1)
1020 1318 1061 1347 ein
1070 1317 1149 1352 Kalif

548 1341 630 1382 oder
646 1347 759 1384 Kaliph,
779 1350 819 1384 ein
830 1348 908 1389 Fuͤrſt
915 1347 962 1384 bey
977 1357 1019 1385 den
1030 1354 1145 1392 Tuͤrken.

566 1380 600 1418 2)
613 1379 655 1413 ein
670 1378 762 1421 Titel,
791 1389 903 1422 welchen
917 1390 965 1419 die
978 1391 1146 1431 unabhaͤngi⸗

556 1423 635 1452 gen
640 1416 809 1458 Nachfolger
813 1419 981 1459 Mahomets
1003 1431 1083 1457 unter
1094 1427 1146 1457 den

565 1449 736 1491 Saracenen
749 1453 918 1492 annahmen,
948 1467 1022 1493 einen
1046 1467 1146 1497 unum⸗

565 1488 715 1527 ſchraͤnkten
731 1493 917 1530 Oberherrn,
931 1499 957 1532 ſo
970 1498 1042 1533 wohl
1057 1501 1086 1529 in
1100 1493 1143 1539 der

563 1522 694 1560 Religion
717 1529 760 1558 als
785 1526 962 1569 buͤrgerlichen
973 1524 1143 1575 Verfaſſung

562 1563 603 1591 zu
609 1562 779 1591 bezeichnen.

526 1591 696 1631 Caligàtion,
696 1594 947 1639 kalligaͤh' ⸗ ſch'n,
947 1599 987 1638 S.
1007 1605 1047 1634 die
1060 1600 1142 1633 Dun⸗

557 1629 661 1658 kelheit
668 1632 722 1674 des
722 1633 868 1675 Geſichts,
889 1646 938 1673 das
952 1639 1028 1670 truͤbe
1035 1641 1140 1671 Weſen.

527 1662 698 1701 Calíginous,
718 1666 933 1709 kaͤlidſch' ⸗ inoſſ,
951 1671 1011 1707 adj.
1034 1674 1139 1713 dunkel,

563 1694 664 1731 truͤbe,
674 1704 770 1731 finſter.

525 1725 756 1762 Calíginousneſs,
776 1731 1036 1774 kaͤlidſch' ⸗ inoſſneß,
1050 1737 1087 1771 S.
1096 1744 1139 1774 die

562 1768 726 1795 Finſterniß,
743 1773 929 1811 Dunkelheit.

523 1802 700 1841 Calígraphy,
726 1804 924 1848 kaͤligk' ⸗ graͤfi,
916 1812 970 1846 S.
996 1812 1037 1846 die
1051 1815 1147 1851 Kunſt

558 1833 634 1878 ſchoͤn
647 1850 678 1876 zu
688 1846 826 1884 ſchreiben,
845 1853 894 1881 das
904 1848 1137 1892 Schoͤnſchreiben,

552 1879 601 1907 die
616 1881 809 1912 Kalligraphie.

524 1905 616 1943 Cálin,
633 1913 752 1949 kaͤl' ⸗ in,
752 1914 787 1947 S.
806 1915 850 1948 ein
865 1920 1027 1953 vermiſchtes
1034 1919 1142 1956 Metall

531 1942 609 1981 von
624 1946 697 1986 Bley
713 1945 766 1983 und
781 1954 898 1992 Zinn.

519 1989 645 2025 Cáliver,
674 1989 854 2035 kaͤl' ⸗ iwoͤrr,
876 1996 898 2024 S.
937 1996 993 2028 eine
1026 1998 1142 2039 Haken⸗

556 2023 662 2064 buͤchſe,
680 2032 738 2062 eine
744 2034 797 2065 Art
803 2035 901 2071 großer
909 2036 1068 2074 Musketen,
1076 2048 1134 2071 eine

555 2067 607 2099 Art
621 2065 822 2104 Doppelhaken,
840 2073 915 2101 deren
931 2080 996 2103 man
1011 2074 1058 2110 ſich
1069 2076 1142 2111 noch

554 2097 684 2137 zuweilen
698 2111 743 2139 zur
757 2103 819 2136 See
831 2104 970 2137 bedient.

518 2144 615 2177 Cálix,
646 2143 779 2185 kaͤl' ⸗ icks,
808 2149 838 2177 S.
880 2151 925 2182 der
948 2151 1030 2188 Kelch
1063 2153 1135 2187 einer

552 2183 669 2215 Blume.

516 2225 546 2250 to
556 2221 635 2253 Cálk,
655 2227 681 2254 tu
693 2222 776 2259 kahk',
794 2234 853 2255 v.a.
882 2228 922 2257 die
944 2227 1035 2266 Ritzen
1058 2228 1133 2262 eines

551 2260 669 2294 Schiffes
686 2263 734 2293 mit
746 2262 826 2303 Hanf
842 2265 996 2299 ausſtopfen
1014 2271 1066 2298 und
1082 2273 1133 2301 mit

550 2295 639 2329 Theer
655 2297 822 2334 beſtreichen,
840 2300 883 2332 ein
891 2303 982 2336 Schiff
990 2304 1130 2341 kalfatern,

550 2334 581 2361 es
595 2332 706 2369 dichten.
723 2335 771 2370 hat
787 2337 889 2375 Calked
903 2341 939 2374 im
957 2338 1066 2374 Praͤter.
1077 2344 1131 2373 und

552 2368 593 2398 im
608 2368 712 2402 Partic.

512 2405 631 2440 Càlker,
663 2403 816 2451 kah' ⸗ koͤrr,
835 2412 863 2439 S.
901 2415 944 2448 ein
964 2413 1127 2453 Kalfaterer,

549 2445 695 2480 derjenige,
727 2453 775 2480 der
793 2454 833 2481 die
853 2451 943 2491 Ritzen
961 2454 1014 2484 und
1036 2455 1127 2492 Loͤcher

551 2478 623 2514 eines
641 2486 760 2518 Schiffes
776 2489 900 2517 zuſtopft.

513 2513 641 2550 Càlking,
660 2518 804 2556 kah' ⸗ king,
820 2523 847 2550 S.
869 2523 898 2560 1)
908 2527 957 2555 das
966 2525 1129 2565 Verſtopfen

552 2557 606 2583 und
631 2553 788 2593 Ausbeſſern
811 2559 884 2589 eines
905 2561 1042 2599 Schiffes,
1077 2566 1127 2595 das

550 2586 707 2626 Kalfatern.
748 2595 779 2635 2)
798 2598 842 2631 der
875 2597 952 2641 Hanf
985 2604 1046 2638 oder
1077 2604 1127 2639 das

1152 358 1229 402 284

1499 352 1569 397 Cal

1239 440 1376 476 Werrig,
1397 443 1492 476 womit
1512 446 1554 480 ein
1581 446 1672 483 Schiff
1693 450 1815 486 kalfatert

1239 479 1315 508 wird.

1200 508 1334 548 Càlking,
1352 511 1379 541 S.
1409 513 1436 543 in
1464 516 1509 544 der
1536 515 1737 558 Zeichenkunſt,
1756 521 1812 550 eine

1234 545 1286 576 Art
1306 548 1356 576 des
1380 548 1577 585 Abkopierens,
1621 560 1652 584 da
1672 564 1737 587 man
1756 562 1825 585 eine

1235 581 1403 620 Glasſcheibe
1416 590 1465 617 mit
1481 588 1549 618 Kalk
1566 595 1625 621 oder
1642 595 1758 625 Gummi
1772 597 1811 625 be⸗

1231 618 1347 658 ſtreicht,
1363 620 1414 654 ſie,
1436 627 1517 650 wenn
1529 627 1556 651 es
1571 630 1670 656 trocken
1686 632 1733 661 iſt,
1760 632 1812 658 mit

1231 654 1275 682 der
1285 657 1493 691 unbeſtrichenen
1510 658 1581 700 Seite
1602 667 1649 693 auf
1660 667 1714 691 eine
1730 666 1809 704 Zeich⸗

1229 692 1306 718 nung
1320 699 1378 723 oder
1396 694 1472 725 einen
1487 695 1650 727 Kupferſtich
1667 702 1736 728 legt,
1754 704 1810 733 und

1230 723 1280 753 alle
1290 723 1390 757 Zuͤge,
1409 730 1448 755 die
1463 739 1526 759 man
1542 734 1617 760 durch
1634 736 1674 759 die
1692 736 1810 767 Scheibe

1229 759 1324 791 ſiehet,
1346 763 1395 792 auf
1404 764 1445 790 der
1460 765 1629 799 beſtrichenen
1648 770 1723 807 Seite
1738 774 1805 808 nach⸗

1228 796 1349 836 zeichnet,
1367 800 1420 825 und
1434 799 1468 830 ſie
1482 799 1589 834 hernach
1603 808 1651 835 auf
1666 809 1712 833 ein
1723 808 1817 837 Blatt

1228 827 1332 864 Papier
1348 833 1490 865 abdruckt;
1520 840 1569 866 das
1585 841 1731 875 Abziehen,
1752 843 1819 871 Ab⸗

1210 865 1356 900 zeichnen,
1375 869 1546 903 Abdrucken.

1193 899 1219 923 to
1235 903 1312 931 Càll,
1327 905 1358 928 tu
1372 903 1457 939 kahl',
1477 912 1504 938 v.
1518 911 1545 939 n.
1564 907 1693 949 ſchreyen,
1713 915 1802 944 rufen.

1227 941 1254 962 to
1268 936 1323 965 call
1323 937 1414 967 aloud,
1434 941 1503 972 laut,
1522 946 1573 969 mit
1583 946 1668 976 lauter
1676 946 1816 976 Stimme

1223 970 1314 1005 rufen.
1335 976 1372 1006 to
1388 974 1438 1004 call
1448 978 1511 1011 after
1525 985 1592 1012 one,
1619 983 1703 1011 einem
1727 984 1803 1015 nach⸗

1224 1008 1312 1039 rufen.
1333 1015 1358 1034 to
1366 1004 1419 1042 call
1428 1010 1468 1048 for
1473 1018 1542 1044 one,
1559 1014 1700 1049 jemanden
1709 1019 1799 1049 rufen,

1223 1044 1287 1078 nach
1307 1044 1362 1080 ihm
1382 1047 1471 1080 rufen.
1508 1057 1537 1077 to
1557 1051 1607 1079 call
1626 1055 1680 1093 for
1695 1054 1812 1092 Dinner,

1222 1080 1318 1112 rufen,
1346 1081 1395 1115 daß
1421 1084 1468 1111 das
1489 1083 1571 1120 Eſſen
1589 1086 1798 1127 hereingebracht

1221 1119 1315 1146 werde.
1357 1120 1384 1139 to
1406 1115 1457 1143 call
1475 1120 1517 1146 for
1538 1128 1552 1141 a
1576 1122 1695 1151 Thing,
1711 1126 1810 1149 etwas

1219 1148 1369 1181 fordern,
1377 1150 1531 1185 verlangen,
1558 1159 1680 1188 wornach
1693 1160 1796 1190 fragen.

1214 1181 1285 1214 You
1285 1182 1343 1216 was
1357 1188 1440 1214 called
1453 1188 1508 1219 for,
1533 1196 1589 1220 man
1601 1192 1647 1224 hat
1668 1195 1728 1232 nach
1739 1193 1790 1232 euch

1197 1214 1341 1261 gefragt,
1361 1220 1403 1256 ihr
1424 1220 1530 1259 wurdet
1539 1228 1689 1263 verlangt.
1703 1237 1731 1258 to
1745 1230 1796 1259 call

1217 1262 1248 1282 on
1263 1263 1293 1282 or
1307 1262 1371 1289 upon
1393 1264 1458 1288 one,
1486 1262 1629 1294 jemanden
1661 1270 1703 1303 um
1736 1265 1795 1293 eine

1201 1288 1325 1325 Gunſt,
1352 1298 1407 1323 um
1430 1294 1568 1332 Beyſtand
1587 1300 1705 1331 anrufen
1732 1302 1805 1331 oder

1195 1325 1391 1357 anſprechen,
1406 1329 1473 1366 ſich
1477 1334 1526 1359 auf
1544 1338 1661 1363 jemand
1669 1337 1790 1365 berufen.

1216 1367 1244 1389 to
1259 1361 1305 1394 call
1321 1368 1346 1394 to
1362 1371 1413 1391 one
1428 1366 1470 1397 for
1484 1368 1570 1403 Help,
1587 1371 1725 1407 jemanden
1744 1377 1792 1400 um

1214 1393 1303 1436 Huͤlfe
1316 1399 1442 1433 aurufen.
1468 1408 1496 1427 to
1517 1404 1568 1430 call
1584 1411 1652 1439 upon
1671 1407 1744 1441 heißt
1762 1408 1789 1441 ſo

1193 1432 1289 1471 wohl
1310 1434 1443 1471 aurufen,
1484 1438 1529 1469 als
1550 1441 1615 1476 auch
1637 1443 1790 1479 ermahnen,

1211 1477 1348 1504 erinnern.
1368 1482 1396 1502 to
1411 1476 1461 1508 call
1479 1485 1547 1513 upon
1559 1486 1623 1514 one,
1638 1479 1708 1517 heißt
1720 1482 1788 1516 auch

1190 1505 1259 1541 bey
1272 1507 1424 1545 jemanden
1445 1508 1618 1549 anſprechen,
1631 1513 1702 1549 ihm
1709 1517 1788 1547 einen

1190 1537 1310 1578 kurzen
1317 1544 1418 1579 Beſuch
1429 1548 1561 1583 machen.
1570 1551 1594 1584 to
1600 1549 1653 1582 call
1666 1559 1730 1587 upon
1738 1557 1789 1581 one

1210 1578 1241 1606 in
1263 1576 1347 1610 one's
1372 1583 1423 1615 Way
1444 1589 1474 1610 or
1496 1589 1525 1610 as
1545 1585 1603 1623 one
1617 1579 1675 1624 goes
1698 1586 1789 1620 along,

1211 1616 1290 1646 unter
1298 1616 1399 1654 Weges
1410 1618 1460 1654 bey
1473 1619 1615 1656 jemanden
1623 1623 1787 1657 anſprechen.

1210 1648 1278 1685 auch
1290 1654 1343 1687 ihn
1362 1656 1491 1691 abrufen.
1520 1661 1539 1690 I
1562 1662 1653 1692 called
1664 1671 1692 1693 at
1712 1666 1786 1692 Your

1210 1689 1317 1723 House,
1341 1689 1379 1719 ich
1396 1690 1483 1724 ſprach
1498 1690 1528 1727 in
1538 1699 1625 1724 eurem
1641 1692 1727 1731 Haus
1740 1701 1784 1724 an.

1173 1720 1203 1740 to
1216 1712 1294 1747 Càll,
1306 1717 1347 1746 tu
1361 1716 1462 1753 kahl',
1483 1728 1509 1747 v.
1524 1727 1549 1746 a.
1570 1722 1664 1754 rufen.
1684 1730 1723 1755 to
1731 1720 1786 1753 call

1186 1748 1286 1786 one,
1297 1748 1433 1784 jemanden
1448 1752 1535 1786 rufen.
1569 1762 1597 1784 to
1612 1757 1663 1787 call
1677 1759 1738 1788 God
1755 1768 1782 1793 to

1207 1788 1338 1821 Witneſs,
1355 1792 1427 1823 Gott
1440 1800 1501 1830 zum
1520 1793 1624 1831 Zeugen
1646 1795 1728 1832 rufen.
1753 1805 1783 1825 to

1183 1823 1255 1855 call
1268 1831 1282 1857 a
1295 1826 1446 1864 Physician,
1465 1827 1544 1860 einen
1555 1831 1619 1869 Arzt
1631 1832 1722 1867 rufen.
1739 1836 1782 1866 To

1182 1855 1254 1891 call
1276 1866 1359 1895 again.
1384 1858 1414 1896 1)
1429 1861 1608 1899 zuruͤckrufen.
1632 1865 1665 1907 2)
1678 1869 1782 1899 wieder⸗

1206 1892 1317 1936 hohlen.
1339 1905 1366 1927 to
1387 1895 1439 1928 call
1467 1901 1535 1931 aside
1567 1902 1618 1936 auf
1637 1903 1676 1935 die
1697 1904 1781 1938 Seite

1204 1938 1294 1962 rufen.
1312 1941 1341 1961 to
1355 1935 1400 1966 call
1412 1935 1483 1972 away,
1500 1937 1648 1975 wegrufen,
1656 1939 1780 1975 abrufen.

1199 1974 1227 1996 to
1241 1967 1291 1997 call
1304 1970 1378 2001 back,
1394 1968 1581 2008 zuruͤckrufen,
1601 1975 1665 2009 auch
1674 1976 1780 2010 wieder⸗

1203 2001 1292 2034 rufen.
1318 2012 1347 2033 to
1364 2000 1413 2036 call
1418 2007 1506 2046 down
1522 2008 1619 2045 herab,
1645 2008 1812 2047 herunter⸗

1201 2034 1291 2068 rufen.
1303 2043 1335 2067 to
1349 2036 1400 2065 call
1411 2040 1479 2068 forth
1505 2041 1537 2076 1)
1548 2042 1697 2078 vorrufen,
1722 2046 1777 2077 her⸗

1177 2071 1349 2109 beyrufen,
1387 2076 1560 2115 vorfordern,
1581 2080 1787 2116 herausrufen,

1202 2116 1250 2144 zur
1265 2110 1361 2145 Schau
1375 2112 1490 2147 fordern.
1508 2114 1539 2148 2)
1549 2115 1715 2153 aufbiethen,
1732 2124 1780 2148 an⸗

1202 2144 1338 2179 ſtrengen,
1355 2143 1384 2174 in
1399 2144 1556 2183 Bewegung
1572 2149 1657 2187 ſetzen.
1688 2159 1716 2180 to
1732 2149 1795 2184 call

1200 2187 1239 2209 in.
1260 2184 1290 2208 1)
1306 2180 1483 2217 hereinrufen.
1507 2185 1540 2221 2)
1552 2182 1582 2215 to
1599 2188 1650 2217 call
1665 2190 1694 2220 in
1707 2191 1781 2219 one's

1201 2207 1302 2247 Word,
1328 2213 1381 2250 ſein
1404 2217 1487 2249 Wort
1508 2218 1723 2257 zuruͤcknehmen.
1750 2228 1779 2250 to

1199 2248 1249 2277 call
1265 2251 1292 2276 in
1306 2260 1320 2277 a
1337 2253 1412 2286 Law,
1433 2262 1477 2283 ein
1492 2248 1577 2290 Geſetz
1594 2256 1779 2293 wiederrufen.

1202 2283 1233 2319 3)
1253 2290 1280 2311 to
1300 2286 1350 2316 call
1370 2295 1398 2318 in
1421 2288 1701 2331 zuſammenberufen,
1725 2293 1777 2325 ein⸗

1200 2309 1287 2344 laden.
1316 2317 1348 2352 4)
1360 2322 1388 2343 to
1402 2322 1452 2346 call
1467 2324 1512 2350 in,
1536 2326 1704 2358 einfordern,
1723 2328 1783 2356 ein⸗

1173 2352 1314 2389 caſſiren.
1347 2361 1375 2383 to
1394 2357 1445 2389 call
1467 2361 1494 2387 in
1516 2362 1588 2389 one's
1601 2362 1702 2396 Debts,
1732 2363 1776 2399 ſei⸗

1198 2401 1230 2424 ne
1266 2397 1453 2432 ausſtehenden
1490 2401 1633 2435 Schulden
1678 2405 1776 2437 einfor⸗

1195 2430 1269 2460 dern.
1285 2431 1318 2468 5)
1327 2431 1497 2468 einberufen,
1516 2436 1548 2471 6)
1562 2446 1591 2465 to
1605 2438 1654 2469 call
1667 2441 1697 2468 in
1710 2447 1775 2475 que-

1195 2469 1280 2495 stion,
1303 2466 1330 2496 in
1346 2465 1458 2504 Zweifel
1472 2465 1569 2507 ziehen.
1607 2474 1650 2503 To
1665 2473 1715 2502 call
1733 2472 1773 2510 off.

1198 2498 1228 2533 1)
1242 2500 1364 2535 abrufen.
1383 2500 1417 2539 2)
1425 2502 1562 2540 abrathen.
1584 2505 1614 2544 3)
1624 2515 1677 2537 von
1688 2511 1774 2541 etwas

1196 2536 1332 2572 abhalten.
1350 2547 1380 2568 to
1404 2542 1455 2569 call
1477 2551 1516 2572 on.
1538 2542 1570 2572 he
1591 2544 1674 2574 called
1689 2545 1772 2576 thrice

1194 2575 1232 2594 on
1246 2577 1290 2596 my
1296 2572 1403 2603 Name,
1414 2579 1441 2601 er
1453 2575 1639 2610 wiederhohlte
1652 2576 1773 2612 dreymal

1196 2598 1303 2643 meinen
1314 2607 1436 2645 Namen.
1455 2612 1480 2650 to
1492 2609 1541 2643 call
1550 2621 1623 2647 over,
1642 2615 1699 2648 eine
1708 2617 1772 2651 Liſte

1640 2654 1769 2684 verleſen,
