2089 3045
671 569 793 602 Erlaben,
808 575 827 602 ſ.
843 569 982 603 erquicken.

671 606 823 631 Erlahmen,
837 606 866 623 to
881 606 956 634 grow
972 599 1051 633 lame,
1071 598 1090 634 ſ.
1108 600 1178 636 lahm
1192 601 1301 630 werden.

673 644 815 674 Erlangen,
832 641 857 674 1)
873 648 904 667 to
920 642 1027 673 obtain,
1041 640 1135 672 attain,
1150 636 1302 678 impetrate,

712 685 769 706 get,
785 683 858 706 gain,
869 683 977 710 acquire,
998 676 1016 709 ſ.
1031 676 1157 709 erhalten,
1172 673 1304 707 uͤberkom⸗

711 712 796 745 men,
807 716 834 749 2)
850 715 940 745 reach,
949 724 1028 741 come
1037 721 1076 746 to,
1085 713 1171 741 arrive
1180 722 1220 747 to,
1230 724 1305 742 com-

714 764 783 793 paſs,
797 758 816 790 ſ.
831 762 966 788 erreichen.

677 792 832 821 Erlaͤngern,
851 795 880 812 to
896 788 1030 824 lengthen
1052 796 1082 814 or
1098 786 1149 814 eke
1170 796 1183 815 a
1194 782 1306 822 Thing,

718 839 735 874 ſ.
758 837 919 870 verlaͤngern.

678 867 841 898 Erlangung,
855 866 875 890 f.
896 875 930 893 an
948 865 1118 900 Obtaining,
1138 864 1307 904 Acquiring,

716 903 909 944 Impetration,
926 909 1047 946 Acqueſt
1061 908 1112 938 &c.

679 942 805 976 Erlaſſen,
820 942 887 974 ledig
908 941 1001 978 laſſen,
1032 950 1063 969 to
1079 941 1193 975 releaſe,
1225 941 1265 972 ſet
1280 950 1307 970 at

714 983 837 1018 Liberty,
857 981 915 1009 free
930 994 999 1016 one;
1026 988 1070 1015 des
1085 984 1180 1019 Eides,
1212 992 1242 1014 to
1257 985 1308 1014 diſ-

712 1021 797 1061 penſe
812 1031 867 1049 one
874 1024 945 1053 with
957 1026 1000 1054 his
1009 1025 1094 1058 Oath,
1104 1024 1251 1059 diſcharge,
1264 1034 1306 1051 re-

713 1061 795 1091 leaſe,
809 1059 918 1088 abſolve
939 1060 997 1088 him
1018 1059 1051 1088 of
1062 1068 1100 1091 it;
1135 1067 1206 1091 einen
1221 1056 1305 1098 ſeines

715 1103 803 1140 Amts,
819 1108 848 1127 to
863 1100 976 1134 diſmiſs,
990 1100 1143 1137 diſcharge,
1157 1100 1236 1129 make
1251 1111 1307 1129 one

713 1139 775 1176 quit
790 1147 819 1166 or
828 1138 902 1166 leave
912 1138 952 1167 his
961 1140 1092 1176 Employ;
1097 1135 1180 1178 ſeiner
1211 1136 1307 1177 Pflicht,

715 1185 746 1204 to
767 1174 840 1205 free,
873 1182 983 1211 exempt
998 1186 1053 1203 one
1065 1175 1140 1204 from
1152 1176 1196 1206 his
1211 1179 1306 1214 Duty;

715 1217 783 1253 ſeine
796 1216 930 1252 Schulden,
951 1224 981 1242 to
997 1214 1066 1252 quit,
1083 1210 1167 1253 abate,
1179 1216 1259 1253 yield,
1272 1227 1310 1243 re-

713 1253 765 1278 mit
779 1253 858 1278 one’s
868 1250 967 1283 Debts,
981 1259 1011 1278 to
1026 1250 1084 1287 paſs
1099 1250 1144 1286 by,
1159 1250 1265 1287 pardon
1279 1261 1309 1278 or

713 1291 823 1322 forgive
832 1292 910 1316 one's
926 1286 1071 1329 Treſpaſſes
1083 1301 1111 1317 or
1118 1290 1225 1321 Faults;
1233 1297 1308 1320 einen

712 1330 756 1358 der
778 1325 885 1360 Strafe,
919 1335 950 1354 to
964 1327 1021 1354 free
1035 1336 1065 1353 or
1086 1327 1181 1363 acquit
1201 1337 1256 1355 one
1276 1328 1310 1356 of

712 1367 912 1397 Puniſhment.

676 1403 826 1437 Erlaßjahr,
841 1412 869 1432 n.
884 1403 901 1438 ſ.
916 1404 1068 1440 Jubeljahr.

676 1440 823 1476 Erlaſſung,
839 1437 858 1467 f.
877 1441 903 1472 1)
919 1441 963 1469 der
977 1439 1198 1476 Leibeigenſchaft,
1213 1451 1248 1468 an
1260 1442 1306 1468 In-

712 1478 928 1510 franchiſment;
954 1481 982 1516 2)
998 1482 1040 1511 der
1055 1481 1175 1515 Schuld,
1197 1479 1306 1516 Suͤnde,

712 1520 810 1553 Strafe
829 1517 861 1550 ꝛc.
886 1529 899 1547 a
919 1519 1078 1556 Releaſing,
1110 1518 1305 1556 Diſcharging,

709 1553 854 1590 Excuſing,
867 1553 1047 1585 Abſolution,
1066 1553 1227 1588 Remiſſion,
1242 1550 1305 1583 Diſ-

710 1593 818 1627 charge,
838 1591 1030 1629 Acquittance
1046 1593 1097 1620 &c.

673 1628 816 1653 Erlauben,
837 1630 867 1645 to
884 1629 995 1656 permit,
1009 1625 1101 1651 allow,
1128 1627 1224 1656 grant,
1242 1621 1305 1655 give

709 1668 799 1689 Leave
820 1671 850 1688 or
868 1663 986 1688 Licence
1000 1669 1040 1693 to,
1055 1663 1137 1688 allow
1156 1662 1203 1693 of,
1240 1671 1306 1687 con-

710 1705 829 1732 deſcend
843 1712 884 1731 to.

671 1737 832 1761 Erlaublich,
842 1728 1004 1761 allowable;
1020 1727 1130 1762 erlaubt,
1140 1726 1303 1766 permitted,

709 1774 835 1808 allowed,
854 1775 955 1810 having
970 1775 1068 1803 Leave.

669 1812 827 1844 Erlaubniß,
842 1809 862 1843 f.
877 1808 979 1843 Leave,
993 1811 1124 1845 Licence,
1131 1810 1302 1846 Permiſſion,

704 1855 887 1885 Allowance;
907 1852 956 1884 mit
970 1853 1123 1889 Erlaubniß,
1137 1853 1217 1883 under
1230 1863 1303 1891 your

705 1894 826 1923 Favour,
846 1891 918 1921 with
931 1892 1107 1924 Permiſſion,
1126 1892 1215 1920 under
1234 1894 1303 1920 Cor-

708 1937 824 1970 rection.

669 1967 808 2000 Erlaufen,
823 1968 841 2002 ſ.
857 1966 987 2001 einholen,
1002 1975 1031 1994 to
1046 1975 1097 1995 run
1112 1976 1167 1994 one
1181 1975 1249 1997 out;
1269 1968 1303 2002 ſie

706 2011 752 2043 hat
768 2008 813 2043 ſich
828 2008 903 2039 einen
917 2010 1006 2040 Mann
1021 2009 1148 2044 erlaufen,
1168 2008 1222 2038 ſhe
1234 2011 1303 2038 hath

705 2056 734 2075 at
754 2046 802 2074 laſt
822 2054 872 2083 got
895 2056 909 2074 a
927 2042 1078 2076 Huſband
1099 2048 1136 2084 by
1156 2046 1303 2085 Rambling

705 2084 893 2122 (Whoring);
912 2084 953 2115 ein
961 2087 1026 2115 Amt
1033 2085 1159 2121 erlaufen,
1166 2093 1196 2113 to
1206 2085 1303 2113 obtain

703 2133 739 2151 an
759 2123 849 2151 Office
874 2124 910 2160 by
928 2122 1062 2160 Running
1086 2123 1140 2150 and
1167 2122 1301 2159 Hunting

705 2167 786 2196 after.

668 2196 807 2227 Erlauren,
821 2201 852 2221 to
867 2193 995 2223 diſcover
1008 2196 1046 2232 by
1059 2193 1185 2233 Lurking
1200 2195 1253 2222 &c.

667 2238 821 2270 Erlaͤutern,
835 2243 866 2262 to
881 2235 1021 2268 illuſtrate,
1043 2235 1203 2268 dilucidate,
1225 2236 1244 2271 ſ.
1263 2244 1300 2267 er⸗

705 2275 809 2305 klaͤren;
832 2273 1022 2310 Erlaͤuterung,
1036 2273 1056 2301 f.
1072 2285 1107 2302 an
1119 2273 1299 2306 Illuſtration,

704 2314 904 2345 Dilucidation
919 2315 970 2344 &c.

665 2349 737 2381 Erle,
754 2351 775 2375 f.
790 2348 837 2374 the
850 2348 938 2375 Alder
951 2346 1061 2384 (Tree).

644 2387 786 2411 Erleben,
809 2388 839 2404 to
860 2384 992 2408 out-live
1011 2388 1031 2408 a
1043 2379 1157 2417 Thing,
1191 2380 1248 2408 live
1269 2380 1297 2409 ſo

702 2426 770 2456 long
786 2427 813 2446 as
833 2427 864 2445 to
878 2421 921 2447 ſee
937 2428 958 2447 it
974 2417 1087 2455 coming
1099 2427 1130 2445 to
1144 2419 1211 2456 paſs.

664 2455 813 2488 Erledigen,
832 2459 856 2488 1)
872 2460 903 2478 to
918 2457 995 2480 make
1006 2459 1118 2487 empty;
1141 2457 1167 2487 2)
1183 2462 1213 2480 to
1229 2453 1297 2486 free,

701 2498 814 2530 releaſe,
824 2498 841 2533 ſ.
849 2499 1016 2534 entledigen;
1039 2498 1208 2534 Erledigung,
1217 2500 1236 2530 f.
1247 2500 1296 2528 the

699 2535 852 2565 Riddance,
866 2533 1042 2565 Delivering,
1061 2533 1239 2569 Exemption.

660 2568 781 2602 Erlegen,
793 2569 819 2603 1)
832 2569 959 2602 darlegen,
973 2566 1090 2602 bezahlen,
1098 2575 1129 2593 to
1139 2576 1189 2604 pay
1199 2567 1296 2600 down,

699 2610 748 2636 tell
762 2611 850 2637 down
863 2611 988 2647 Money;
1011 2612 1038 2646 2)
1060 2617 1132 2639 einen
1148 2612 1249 2645 todten,
1264 2619 1295 2637 to

697 2649 757 2680 kill,
774 2649 832 2685 ſlay
847 2650 873 2684 (a
884 2651 953 2678 Man
967 2660 999 2677 or
1011 2648 1117 2684 Beaſt);
1137 2650 1179 2679 ein
1188 2651 1296 2684 Kriegs⸗

696 2685 765 2721 heer,
777 2692 809 2711 to
825 2685 917 2713 deſeat
932 2697 965 2714 an
979 2687 1112 2722 Enemy's
1125 2687 1230 2723 Army;
1243 2689 1294 2719 Er⸗

695 2725 787 2758 legung
804 2722 911 2758 (baaren
919 2725 1016 2762 Gelds)
1027 2725 1074 2752 the
1082 2723 1190 2762 Paying
1205 2725 1291 2752 down

692 2765 727 2790 of
742 2760 838 2798 Ready
858 2761 984 2797 Money,
1012 2762 1120 2797 Money
1147 2760 1231 2788 down
1250 2771 1289 2789 on

688 2803 737 2832 the
751 2800 833 2832 Nail;
845 2802 934 2838 erlegt,
948 2796 1036 2843 killed,
1046 2798 1138 2838 ſlayn,
1145 2796 1169 2842 ſ.
1176 2801 1287 2838 erlegen.

1327 562 1498 596 Erleichtern,
1508 562 1560 598 (die
1568 563 1620 597 Laſt
1634 564 1785 599 benehmen)
1801 572 1831 592 to
1841 563 1957 603 lighten,

1365 599 1529 630 diſburden,
1544 597 1696 635 diſcharge,
1715 607 1875 632 exonerate,
1889 598 1956 628 eaſe,

1366 633 1417 665 rid,
1433 636 1507 666 free,
1527 634 1632 663 deliver
1652 646 1707 662 one
1728 637 1760 664 of
1770 646 1784 663 a
1797 638 1859 666 Part
1873 637 1906 665 of
1915 636 1956 664 his

1367 675 1494 705 Burden;
1513 676 1560 703 den
1569 675 1624 706 Leib
1633 675 1788 708 erleichtern,
1797 683 1828 702 to
1838 678 1894 705 eaſe
1903 677 1957 705 Na-

1367 717 1441 740 ture,
1470 717 1619 737 exonerate
1638 712 1687 737 the
1700 713 1791 746 Belly,
1820 719 1855 747 go
1870 720 1899 738 to
1913 711 1959 738 the

1372 749 1532 778 Eaſement;
1547 746 1712 784 Schmerzen,
1719 750 1803 790 Muͤhe,
1830 741 1924 785 Sorgen
1924 745 1958 786 ꝛc.

1373 789 1544 822 erleichtern,
1584 798 1625 818 to
1645 790 1794 822 alleviate,
1826 790 1957 827 mitigate,

1372 822 1492 866 aſſwage,
1503 825 1591 857 ſoften,
1608 824 1695 867 leſſen,
1714 828 1844 861 diminiſh;
1855 822 1959 868 Erleich⸗

1372 869 1476 898 terung,
1489 863 1554 899 f.1)
1567 873 1583 891 a
1596 864 1765 902 Lightening
1781 866 1833 894 &c.
1861 869 1889 904 2)
1901 863 1960 895 Eaſ-

1371 903 1419 933 ing
1434 901 1486 930 &c.
1504 903 1530 938 3)
1539 902 1722 936 Alleviation,
1731 904 1896 941 Mitigation
1908 903 1958 930 &c.

1333 929 1465 972 Erleiden,
1480 946 1510 965 to
1526 938 1598 971 bear,
1614 939 1705 972 ſuffer,
1725 941 1805 968 abide
1819 941 1870 970 &c.
1893 940 1910 975 ſ.
1924 945 1960 969 er⸗

1371 982 1478 1012 dulten;
1499 979 1645 1017 erleidlich,
1663 981 1821 1015 ſufferable,
1853 978 1961 1020 eaſy
1929 974 1963 1012 to

1372 1022 1445 1053 bear,
1460 1020 1477 1055 ſ.
1493 1018 1637 1055 ertraͤglich.

1335 1055 1504 1087 Erlenbaum,
1518 1061 1553 1083 m.
1563 1053 1612 1081 the
1619 1055 1813 1088 Alder-Tree;
1835 1056 1961 1089 Erlenaue

1373 1097 1432 1127 oder
1452 1095 1548 1129 Wald,
1581 1105 1616 1123 an
1630 1096 1818 1130 Alder-Bed,
1850 1110 1865 1128 a
1883 1098 1960 1129 Place

1371 1137 1463 1163 where
1476 1133 1578 1166 Alders
1595 1144 1682 1173 grow.

1334 1169 1472 1197 Erlernen,
1487 1174 1519 1192 to
1533 1167 1627 1197 learn,
1661 1173 1709 1200 get
1728 1177 1743 1194 a
1754 1166 1853 1208 Thing
1871 1178 1901 1197 or
1914 1164 1958 1194 the

1372 1209 1547 1248 Knowledge
1556 1212 1586 1239 of
1586 1211 1636 1244 it;
1657 1206 1813 1247 Erlernung,
1822 1212 1844 1245 f.
1863 1206 1908 1250 the
1916 1212 1959 1240 Ac-

1352 1248 1506 1291 quiſition
1523 1254 1563 1287 (of
1562 1253 1599 1287 a
1599 1253 1744 1290 Language
1759 1253 1824 1289 &c.)

1335 1291 1452 1325 Erleſen,
1467 1297 1496 1316 to
1509 1289 1591 1322 elect,
1611 1283 1702 1323 chuſe,
1719 1292 1736 1326 ſ.
1751 1290 1878 1326 ausleſen.

1334 1324 1499 1355 Erleuchten,
1513 1328 1543 1347 to
1557 1320 1722 1354 illuminate,
1743 1323 1898 1357 inlighten;
1924 1325 1960 1350 er⸗

1371 1362 1491 1390 leuchtet,
1510 1359 1706 1388 illuminated;
1742 1349 1959 1391 Erleuchtung,f.

1369 1399 1419 1423 the
1433 1397 1633 1428 Illumination,
1647 1398 1850 1435 Inlightening,
1862 1397 1893 1427 it.
1905 1394 1960 1424 Di-

1370 1443 1527 1472 lucidation
1546 1443 1598 1471 &c.

1332 1471 1469 1500 Erliegen,
1492 1474 1582 1503 (unter
1597 1472 1644 1502 der
1659 1469 1723 1503 Laſt)
1736 1475 1774 1503 to
1788 1468 1848 1497 ſink
1860 1478 1893 1498 to
1913 1467 1961 1496 the

1369 1509 1491 1535 Ground
1505 1511 1605 1539 under,
1621 1512 1655 1534 be
1667 1507 1811 1542 oppreſſed
1823 1509 1860 1543 by
1872 1521 1885 1537 a
1893 1508 1960 1538 Bur-

1368 1550 1451 1577 then;
1472 1547 1508 1581 ich
1523 1548 1582 1582 laſſe
1595 1548 1675 1583 dieſes
1689 1548 1758 1580 nicht
1772 1547 1820 1580 auf
1831 1547 1880 1578 mir
1887 1550 1961 1580 erlie⸗

1361 1585 1426 1613 gen,
1440 1584 1452 1607 I
1466 1587 1553 1607 never
1566 1581 1626 1618 will
1645 1581 1709 1608 bear
1727 1581 1783 1608 this
1797 1577 1960 1619 Impoſition

1369 1628 1401 1644 or
1419 1617 1574 1653 Suſpicion.

1331 1658 1451 1690 Erliſten,
1464 1664 1495 1683 to
1512 1663 1558 1692 get
1577 1656 1615 1694 by
1628 1657 1716 1686 Craft.

1331 1697 1453 1731 Erlogen,
1467 1702 1520 1723 not
1534 1704 1605 1731 true,
1615 1696 1688 1731 falſe,
1697 1697 1714 1734 ſ.
1724 1696 1816 1735 falſch;
1838 1703 1866 1730 es
1881 1700 1909 1731 iſt
1921 1702 1958 1729 er⸗

1368 1729 1468 1764 ſtunken
1482 1729 1533 1760 und
1555 1731 1668 1766 erlogen,
1685 1734 1707 1758 't
1725 1733 1749 1760 is
1772 1733 1808 1760 all
1821 1731 1909 1765 Stuff,
1922 1727 1958 1758 all

1367 1774 1441 1808 Lies,
1456 1773 1606 1805 ſhameleſs
1625 1776 1699 1805 Lies.

1330 1806 1475 1839 Erloſchen,
1490 1808 1606 1836 extinct,
1619 1804 1827 1842 extinguiſhed,
1837 1800 1959 1844 quench-

1367 1850 1416 1872 ed;
1436 1850 1477 1870 die
1490 1848 1562 1871 Liebe
1577 1850 1605 1874 iſt
1618 1849 1754 1877 erloſchen,
1775 1848 1823 1869 the
1841 1845 1915 1871 Heat
1929 1833 1964 1865 of

1366 1895 1445 1922 Love
1458 1894 1506 1922 has
1521 1893 1658 1922 relented.

1328 1925 1474 1960 Erloͤſchen,
1488 1933 1518 1952 to
1530 1932 1567 1961 go
1581 1933 1632 1953 out
1644 1935 1672 1953 as
1685 1936 1700 1955 a
1714 1927 1830 1961 Candle,
1844 1927 1918 1957 Fire,
1937 1929 1956 1956 f.

1366 1969 1517 2004 verloͤſchen.

1329 2001 1437 2031 Erloͤſen,
1440 2007 1482 2030 to
1498 1997 1601 2029 releaſe,
1618 1998 1725 2036 redeem,
1739 1997 1842 2037 ranſom,
1854 1995 1956 2026 reſcue,

1366 2042 1434 2071 free,
1454 2040 1517 2067 ſave
1536 2040 1589 2071 &c.
1607 2041 1625 2077 ſ.
1645 2041 1780 2077 befreyen;
1807 2039 1923 2080 Erloͤſer,
1941 2043 1957 2061 a

1367 2078 1528 2109 Redeemer,
1541 2078 1674 2110 Saviour;
1694 2079 1793 2115 erloͤſet,
1814 2078 1901 2113 erloͤſt,
1915 2082 1957 2103 re-

1366 2116 1496 2147 deemed;
1515 2115 1655 2151 Erloͤſung,
1672 2117 1693 2143 f.
1714 2118 1762 2144 the
1777 2112 1957 2148 Redeeming,

1365 2155 1523 2184 Salvation,
1539 2154 1738 2190 Redemption,
1751 2155 1891 2193 Releaſing
1905 2151 1956 2179 &c.

1364 2193 1493 2224 Erloͤſung
1512 2193 1553 2218 von
1574 2192 1683 2225 Banden,
1690 2192 1876 2224 Deliverance
1883 2189 1955 2218 from

1363 2233 1505 2270 Bondage.

1326 2265 1483 2296 Erluſtigen,
1498 2271 1529 2286 to
1546 2267 1678 2292 recreate,
1697 2260 1716 2297 ſ.
1730 2261 1884 2299 beluſtigen;
1906 2260 1954 2292 Er⸗

1365 2307 1502 2330 luſtigung,
1510 2304 1557 2323 the
1565 2305 1731 2333 Recreating
1745 2306 1780 2324 of
1786 2307 1858 2335 your
1865 2291 1955 2328 Mind.

1326 2341 1486 2372 Ermahnen,
1500 2348 1529 2365 to
1544 2343 1655 2369 exhort,
1675 2341 1841 2373 admoniſh,
1861 2341 1953 2369 adver-

1363 2380 1424 2410 tiſe,
1438 2388 1514 2406 warn
1528 2378 1579 2406 &c.
1601 2378 1781 2414 Ermahnung,
1794 2379 1814 2410 f.
1823 2381 1952 2408 Exhorta-

1361 2417 1441 2445 tion,
1478 2416 1686 2447 Admonition,
1716 2413 1953 2444 Advertiſement,

1359 2460 1508 2496 Warning.

1322 2489 1498 2518 Ermangeln,
1530 2492 1561 2509 to
1580 2485 1615 2511 be
1628 2486 1764 2513 deficient
1783 2495 1814 2513 or
1828 2483 1951 2517 wanting

1360 2532 1390 2557 in
1409 2540 1418 2558 a
1426 2531 1540 2561 Thing;
1556 2535 1589 2558 an
1605 2530 1689 2564 nichts
1704 2533 1853 2565 ermangeln
1868 2529 1952 2565 laſſen,

1363 2573 1395 2591 to
1409 2567 1482 2599 ſpare
1491 2563 1626 2600 nothing;
1646 2569 1691 2597 bey
1701 2567 1892 2599 ermanglender
1900 2565 1951 2594 Ge⸗

1360 2604 1499 2633 legenheit,
1520 2602 1564 2625 ſor
1580 2605 1667 2628 Want
1689 2605 1724 2627 of
1740 2598 1952 2636 Opportunity;

1356 2642 1562 2678 Ermangelung,
1576 2641 1600 2680 f.
1604 2641 1709 2671 Want,
1723 2639 1869 2677 Wanting,
1884 2633 1950 2665 Fail-

1359 2686 1418 2710 ure,
1428 2679 1609 2713 Deficiency;
1623 2679 1648 2707 in
1658 2680 1852 2716 Ermangelung
1861 2677 1950 2714 deſſen,

1354 2725 1400 2754 for
1414 2727 1504 2754 Want
1516 2725 1551 2752 of
1556 2725 1669 2756 which.

1316 2755 1484 2790 Ermannen,
1518 2754 1590 2791 (ſich)
1617 2763 1650 2782 to
1676 2765 1791 2785 recover
1810 2757 1945 2791 Courage,

1353 2798 1441 2837 pluck
1454 2809 1492 2838 up
1506 2809 1520 2828 a
1535 2799 1611 2837 good
1624 2801 1725 2832 Heart.
