2829 3345
357 583 530 612 deſcenſion,
558 581 717 616 ſubmitting,
748 583 871 617 yielding,
892 582 1039 617 allowing,
1068 584 1233 612 allowance.

366 618 545 649 Nachgebung
564 618 648 647 macht
662 618 788 648 freunde,
814 618 1019 651 wahrheitſagen
1038 618 1134 651 feinde,
1161 618 1233 645 obſe-

365 652 516 685 quiousneſs
532 653 623 684 begets
642 652 736 678 friends,
763 652 811 679 but
826 653 1005 685 truth-telling
1024 654 1121 678 haters.

401 685 572 716 Nachgeburt
589 683 656 715 (die)
673 685 718 709 the
736 686 901 713 after-birth,
922 686 967 710 the
986 684 1177 711 after-burden.

400 719 558 747 Nachgehen
576 719 633 742 oder
652 718 802 748 nachfolgen
820 715 931 748 (einem)
948 721 977 739 to
994 723 1027 748 go
1040 718 1117 743 after,
1137 726 1166 743 or
1185 718 1230 740 be-

363 751 429 779 hind
446 758 515 778 one;
540 758 571 777 to
592 751 693 778 follow
713 753 774 778 him.
815 752 910 781 Einem
928 751 975 782 auf
991 752 1047 781 dem
1062 752 1108 785 fuß
1125 751 1231 782 nachge⸗

364 784 426 815 hen,
445 790 475 806 to
492 783 523 806 be
543 790 571 806 at
587 786 664 808 one's
683 784 753 809 heels.
793 784 853 813 Der
865 783 926 815 ſpur
943 782 1097 814 nachgehen,
1113 790 1144 808 to
1159 789 1231 807 trace

363 821 403 844 it;
423 823 450 841 to
466 816 567 841 follow
581 815 616 848 by
637 818 680 842 the
696 814 816 849 footing,
836 816 871 848 by
888 817 933 841 the
948 817 1033 843 track,
1053 818 1090 849 by
1099 818 1150 843 the
1161 816 1229 843 dint,

363 849 401 882 by
423 849 469 873 the
488 848 564 872 mark
580 857 612 872 or
630 849 701 881 print
718 851 747 874 of
762 850 807 874 the
825 849 977 883 foot-ſteps.
1025 848 1098 878 Dem
1119 846 1233 881 original

366 889 449 912 genau
470 883 634 915 nachgehen,
669 892 702 910 to
724 892 795 910 trace
811 893 827 910 a
839 885 917 916 thing
934 892 961 914 to
981 884 1013 909 its
1032 885 1166 918 original;
1203 891 1230 909 to

364 916 398 945 do
416 918 444 943 ſt
444 918 525 944 iƈtly,
547 917 685 948 narrowly
704 926 734 941 or
753 918 911 947 accurately,
931 918 1043 946 follow,
1063 919 1175 944 imitate,
1195 924 1231 940 re-

362 944 507 988 preſent,
529 951 637 976 exhibit
655 959 683 977 or
702 950 805 984 expreſs
821 952 869 976 the
885 944 1008 982 original.
1047 950 1084 980 Er
1100 952 1160 985 geht
1175 952 1231 980 dem

363 982 454 1013 ſauſen
476 983 556 1013 nach,
585 983 616 1007 he
632 984 652 1007 is
674 984 752 1016 given
768 989 798 1008 to
819 983 953 1015 drinking.
992 983 1096 1014 Seiner
1113 984 1232 1013 nahrung

363 1019 521 1051 nachgehen,
542 1025 570 1041 to
587 1026 632 1051 get
654 1026 717 1050 your
736 1021 828 1052 living.
867 1019 977 1051 Seinen
997 1018 1141 1051 geſchaͤften
1158 1022 1232 1047 nach⸗

361 1051 453 1078 gehen,
484 1057 511 1073 to
530 1048 564 1073 do
583 1058 647 1075 your
668 1051 772 1076 buſineſs.
822 1050 892 1080 Man
913 1050 973 1083 geht
992 1049 1045 1081 ihm
1063 1050 1136 1081 nach,
1170 1054 1231 1078 man

358 1077 430 1115 ſtellt
447 1084 498 1111 ihm
517 1075 592 1110 nach,
614 1085 675 1113 they
693 1084 719 1108 ly
741 1085 764 1107 in
783 1085 853 1109 wait
871 1086 912 1108 for
932 1084 995 1108 him.

398 1112 607 1140 Nachgehends,
628 1111 806 1142 nachgehend,
833 1113 897 1142 nach
916 1110 1048 1139 derſelben
1063 1109 1131 1142 zeit,
1156 1113 1232 1140 nach⸗

363 1147 469 1176 mahis,
504 1144 530 1175 in
549 1147 742 1180 nachgehenden
760 1148 861 1179 zeiten,
897 1148 1024 1178 hernach,
1060 1146 1230 1175 afterwards,

363 1184 427 1203 after
449 1181 507 1203 that
530 1180 609 1207 time,
644 1187 669 1204 in
689 1180 732 1203 the
751 1182 944 1208 after - times,
976 1187 1002 1203 in
1024 1179 1067 1205 the
1086 1180 1234 1211 following

365 1214 437 1240 time,
459 1213 485 1237 in
503 1214 547 1238 the
570 1213 632 1238 time
648 1212 803 1247 following,
824 1214 847 1239 in
864 1215 909 1240 the
924 1216 988 1239 time
1004 1214 1066 1239 that
1085 1211 1233 1241 followed.

401 1251 580 1284 Nachgerade,
602 1247 747 1284 allmaͤhlig,
769 1251 802 1281 by
819 1250 936 1283 degrees,
948 1247 977 1281 by
996 1252 1067 1278 little
1078 1250 1136 1281 and
1153 1253 1234 1278 little.

400 1281 605 1319 Nachgeſchmak
621 1290 689 1315 (der)
714 1281 733 1315 ſ.
755 1285 930 1315 nachſchmak.

398 1316 570 1348 Nachgiebig,
590 1317 707 1349 yielding
725 1318 877 1350 obſequious

401 1351 615 1379 Nachgiebigkeit
631 1349 704 1372 (die)
723 1349 906 1372 yieldingneſs.
925 1331 1149 1379 obſequiousneſs.

400 1383 588 1412 Nachgieſſen,
613 1390 636 1408 1.
657 1388 729 1410 einer
749 1383 941 1414 eingeſottenen
959 1384 1040 1413 bruͤhe
1058 1384 1130 1413 mehr
1147 1381 1236 1414 waſſer

364 1411 500 1445 zugieſſen,
519 1421 551 1437 to
570 1421 638 1438 pour
654 1420 744 1439 water
759 1416 817 1439 into
834 1423 865 1439 an
882 1416 1042 1441 overſodden
1060 1417 1166 1442 broath.
1206 1421 1234 1440 2.

367 1444 455 1472 Einen
477 1437 656 1475 ſchaupfennig
679 1443 846 1478 nachgieſſen,
866 1451 894 1468 to
911 1443 1072 1470 counterfeit
1095 1452 1101 1469 a
1119 1444 1214 1469 medal.

395 1474 573 1506 Nachgraben
598 1476 712 1503 (einem
733 1469 911 1506 verborgenen
923 1474 1026 1505 ſchaz)
1051 1482 1080 1500 to
1097 1475 1144 1508 dig
1166 1475 1239 1502 after

363 1504 435 1532 ſome
451 1504 547 1527 hidden
561 1503 702 1531 treaſure.

396 1532 586 1567 Nachgruͤbeln
610 1539 718 1564 (einem
740 1535 907 1569 geheimniß)
935 1542 964 1560 to
985 1535 1115 1569 ſpeculate
1131 1536 1204 1562 after
1217 1533 1234 1567 a

363 1569 503 1602 myſtery;
543 1574 570 1593 to
587 1566 651 1593 beat
673 1575 737 1601 your
753 1568 840 1594 brains
860 1569 943 1595 about
957 1570 998 1598 it;
1035 1575 1063 1594 to
1081 1568 1114 1594 be
1128 1567 1233 1603 penſive

362 1599 508 1626 inquiſitive
524 1607 595 1630 upon
615 1601 647 1625 it.

397 1627 583 1657 Nachgruͤbler
602 1631 693 1660 (der)
713 1632 728 1651 a
744 1625 907 1659 ſpeculrtive,
926 1624 1081 1659 inquiſitive,
1103 1615 1233 1653 conſider-

364 1665 410 1698 ing
428 1674 458 1694 or
477 1666 611 1700 ſearching
630 1673 677 1698 cap
696 1677 725 1692 or
745 1661 820 1693 head.

400 1698 596 1734 Nachgruͤnden
614 1700 711 1733 (einem
727 1700 828 1735 dinge)
846 1702 873 1731 es
893 1696 1040 1736 ergruͤnden
1062 1700 1164 1734 wollen,
1185 1700 1234 1731 den

365 1740 448 1775 grund
469 1741 550 1770 davon
573 1741 658 1775 wiſſen
676 1741 779 1774 wollen,
814 1750 843 1770 to
863 1742 952 1772 ſound,
983 1742 1072 1770 ſearch
1094 1751 1129 1768 or
1141 1742 1235 1769 fadom

366 1783 382 1801 a
401 1774 494 1809 thing;
532 1781 560 1799 to
575 1774 632 1801 dive
649 1783 679 1800 or
698 1776 783 1809 pierce
803 1776 860 1802 into
877 1776 917 1808 it;
943 1782 971 1801 to
989 1782 1123 1808 penetrate
1139 1776 1195 1801 into
1213 1775 1235 1800 it

365 1809 393 1835 in
409 1809 486 1834 order
505 1816 532 1833 to
550 1809 621 1834 learn
640 1809 683 1835 the
706 1815 767 1840 very
785 1808 887 1842 ground
904 1816 933 1833 or
950 1809 1092 1838 principles
1109 1809 1137 1835 of
1151 1809 1183 1834 it.

398 1841 531 1875 Nachhall
550 1840 622 1876 (der)
637 1841 753 1874 reſound,
774 1845 865 1874 eccho,
881 1842 1030 1870 reſonance.

401 1877 576 1911 Nachhallen,
596 1877 612 1907 ſ.
638 1878 818 1913 nachklingen.

404 1907 584 1939 Nachhaͤngen
603 1907 691 1938 (einer
707 1907 824 1939 tugend,
835 1907 919 1936 einem
939 1907 1028 1939 laſter,
1058 1905 1143 1936 einem
1159 1907 1236 1941 affekt

367 1944 427 1974 oder
442 1941 675 1980 gemuͤthsleiden)
694 1950 722 1970 to
741 1944 798 1979 give
813 1953 879 1977 your
894 1946 940 1972 ſelf
955 1953 1032 1974 over,
1060 1954 1090 1970 or
1104 1954 1133 1971 to
1149 1946 1236 1971 addiƈt

367 1983 435 2008 your
452 1977 507 2002 ſelf,
529 1983 557 2001 to
573 1977 640 2001 ſome
658 1976 750 2003 virtue,
769 1977 827 2001 vice
848 1984 878 2001 or
895 1974 1009 2009 paſſion;
1028 1983 1058 2000 to
1074 1975 1180 2010 eſpouſe
1197 1982 1234 2004 it;

366 2017 396 2036 to
415 2013 521 2035 become
539 2009 655 2035 wedded
675 2018 703 2035 to
724 2010 760 2039 it;
780 2017 807 2035 to
826 2011 926 2036 adhere
940 2018 970 2034 or
986 2010 1052 2036 ſtick
1071 2019 1099 2036 to
1118 2012 1148 2036 it.
1169 2010 1233 2039 Den

367 2043 499 2074 wolluͤſten
514 2041 709 2074 nachhaͤngen,
749 2049 778 2067 to
798 2043 831 2068 be
853 2042 986 2070 drowned
1008 2052 1034 2068 in
1051 2043 1142 2075 bodily
1160 2045 1234 2078 plea-

368 2080 447 2106 ſures.
486 2077 525 2107 Er
548 2076 644 2111 haͤnget
666 2077 713 2105 den
733 2076 827 2109 laſtern
844 2077 925 2109 nach,
953 2077 985 2101 he
1008 2078 1054 2103 has
1075 2077 1153 2111 given
1173 2087 1235 2105 over

366 2112 475 2138 himſelf
492 2120 519 2138 to
539 2111 573 2137 all
589 2118 697 2137 manner
722 2113 750 2136 of
774 2114 849 2138 vices.
889 2112 958 2141 Der
977 2111 1133 2143 traurigkeit
1159 2110 1234 2142 nach⸗

367 2145 482 2171 haͤngen,
509 2148 536 2165 to
555 2144 587 2165 be
607 2148 620 2166 a
636 2141 680 2166 ſad
697 2141 888 2167 melancholiſt.

402 2178 564 2202 Nachhauen
588 2178 666 2202 (den
692 2178 840 2208 feinden)
857 2178 886 2196 to
911 2178 966 2204 pelt
990 2178 1059 2202 your
1072 2178 1187 2197 enemies
1205 2178 1234 2196 in

343 2209 436 2239 their
453 2214 548 2237 flight;
567 2218 595 2234 to
613 2210 685 2233 chaſe
702 2206 754 2233 and
771 2207 860 2241 purſue
876 2208 946 2234 them
962 2208 997 2232 all
1014 2206 1139 2241 fighting.

404 2243 569 2275 Nachhelfen
592 2242 705 2275 (einem)
723 2249 751 2269 to
768 2241 826 2270 lend
844 2251 893 2270 one
908 2251 923 2269 a
944 2243 1052 2277 helping
1073 2243 1156 2273 hand.

403 2280 563 2306 Nachhelfer
585 2280 653 2306 (der)
673 2281 705 2306 he
725 2281 785 2306 that
804 2280 877 2306 helps
896 2287 970 2306 your.

403 2309 562 2334 Nachherbſt
582 2315 654 2337 (der)
673 2313 717 2329 the
734 2311 815 2329 latter
831 2310 890 2336 part
905 2306 933 2330 of
951 2305 995 2330 the
1012 2306 1121 2331 harveſt.

405 2340 591 2366 Nachhochzeit
608 2347 674 2370 (die)
693 2348 708 2360 a
724 2342 817 2362 ſecond
837 2336 971 2369 wedding
971 2336 1001 2368 -
1001 2336 1104 2367 feaſt,
1136 2342 1153 2362 a
1166 2339 1233 2362 meal

368 2374 445 2406 given
463 2378 506 2401 the
528 2380 622 2402 ſecond
641 2382 689 2406 day
708 2378 774 2403 after
792 2384 807 2404 a
826 2375 964 2406 wedding.

404 2406 558 2436 Nachholen
574 2412 677 2437 (ſeinen
696 2410 815 2437 ſchaden)
829 2412 859 2431 to
875 2413 980 2431 recover
994 2412 1060 2437 your
1075 2406 1139 2433 loſs.

402 2437 563 2470 Nachhuren
579 2447 682 2470 (ſeinen
698 2446 797 2473 augen)
820 2440 846 2463 to
862 2446 895 2478 go
918 2446 926 2465 a
941 2438 1070 2473 whoring
1083 2442 1151 2466 after
1164 2447 1231 2471 your

367 2480 443 2505 eyes;
464 2480 491 2497 to
507 2478 616 2501 commit
634 2477 795 2501 whoredom
812 2478 885 2501 with
899 2482 964 2508 your
982 2481 1052 2506 eyes.
1102 2473 1230 2507 Fremden

368 2507 474 2536 goͤttern
497 2508 654 2536 nachhuren,
675 2515 703 2533 to
720 2512 816 2535 whore
831 2510 896 2535 after
911 2509 1014 2536 ſtrange
1033 2507 1109 2536 gods.

404 2540 556 2571 Nachiagen
572 2541 637 2570 (den
654 2543 787 2578 feinden)
798 2549 827 2567 to
843 2541 918 2567 chaſe
933 2549 962 2566 or
983 2541 1071 2574 purſue
1093 2544 1158 2574 your
1174 2547 1232 2566 ene-

368 2580 420 2603 my.
460 2571 532 2600 Dem
549 2572 689 2604 reichthum
703 2578 876 2607 nachiagen,
913 2582 941 2600 to
964 2574 1030 2599 hunt
1044 2578 1111 2601 after
1126 2572 1229 2600 richeſs.

369 2609 429 2639 Der
447 2606 576 2637 heiligkeit
598 2608 748 2639 nachiagen,
785 2616 813 2634 to
833 2610 933 2636 follow
949 2607 1017 2634 after
1034 2605 1167 2637 holineſs,
1202 2615 1231 2633 to

369 2641 478 2669 follow,
506 2639 634 2671 purchaſe
648 2649 679 2666 or
692 2644 797 2674 acquire
811 2644 851 2672 it;
885 2648 913 2667 to
929 2639 1075 2667 endeavour
1088 2647 1119 2666 to
1137 2646 1181 2673 get
1201 2646 1231 2664 or

369 2674 461 2700 obtain
484 2672 511 2698 it.

405 2703 578 2739 Nachiagung
591 2705 655 2739 (die)
673 2704 788 2739 chaſing,
804 2705 940 2740 purſuing.

404 2741 572 2775 Nachkauen,
594 2739 783 2773 wiederkauen,
803 2748 833 2773 to
852 2745 934 2769 chew
955 2741 1000 2769 the
1019 2741 1077 2774 cud,
1107 2748 1135 2768 to
1155 2741 1230 2768 rumi-

369 2784 448 2806 nate.

406 2806 557 2836 Nachklang
574 2806 661 2835 (der)
679 2806 724 2827 the
742 2800 879 2830 reſonance
898 2806 933 2830 or
947 2805 1085 2838 reſoundig
1103 2806 1138 2837 of
1151 2806 1166 2842 a
1181 2811 1233 2838 bell

370 2853 402 2871 or
419 2842 521 2869 muſical
541 2843 698 2870 inſtrument.
737 2842 796 2873 Der
823 2844 963 2878 nachklang
982 2845 1041 2872 oder
1066 2842 1233 2876 wiederſchall

371 2872 400 2905 in
418 2878 503 2905 einem
520 2872 613 2907 walde,
632 2872 677 2900 the
690 2871 773 2902 eccho
792 2881 823 2899 or
838 2875 969 2908 ecchoing
987 2875 1014 2900 in
1033 2880 1049 2900 a
1066 2872 1161 2903 wood.
1182 2870 1235 2907 Jch

1259 576 1382 614 beſorge,
1409 581 1438 610 es
1460 580 1545 611 werde
1561 579 1637 610 einen
1655 580 1734 615 boͤſen
1753 579 1895 614 nachklang
1911 577 2030 619 haben,
2053 582 2068 607 I
2086 588 2128 608 am

1258 609 1344 640 afraid
1362 615 1390 638 of
1402 621 1435 639 an
1448 614 1586 644 afterclap.

1294 653 1481 684 Nachklettern
1498 651 1628 687 (einen)
1650 659 1679 679 to
1698 652 1792 681 climb,
1823 650 1942 683 clamper
1960 658 1992 677 or
2008 650 2127 685 clamper

1254 691 1291 717 up
1312 684 1382 709 after
1403 693 1461 709 one.

1292 719 1505 749 Nachclimmen,
1529 716 1542 747 ſ.
1569 723 1597 746 v.

1293 753 1492 785 Nachklingen,
1531 760 1558 777 to
1571 754 1705 783 reſound;
1725 760 1754 779 to
1774 754 1840 779 echo
1864 754 1970 786 again,
2008 752 2028 785 ſ.
2051 753 2127 787 nach⸗

1252 781 1340 813 klang.

1292 812 1486 843 Nachkommen
1505 812 1543 846 (1.
1565 812 1622 848 di )
1641 812 1662 845 ſ.
1680 810 1910 841 nachkoͤmmlinge.
1932 821 1957 838 2.
1977 813 2126 845 Nachkom⸗

1257 855 1327 880 men,
1344 849 1459 881 hernach
1478 851 1535 881 oder
1553 852 1643 881 hinten
1662 850 1852 881 nachkommen,
1869 858 1896 876 to
1912 858 1986 876 come
2004 853 2088 879 after,
2088 853 2123 880 to

1253 885 1366 912 follow.
1405 885 1436 914 Er
1461 885 1507 914 kan
1534 893 1583 914 mir
1595 881 1786 916 nimmermehr
1808 886 1998 916 nachkommen,
2019 886 2042 914 ſo
2063 888 2125 915 weit

1257 912 1349 944 fehlts,
1371 912 1419 943 daß
1437 921 1463 940 er
1483 919 1533 941 mir
1551 915 1613 941 ſolte
1631 914 1834 944 zuvorkommen,
1856 914 1887 937 he
1910 916 1970 939 will
1991 923 2063 939 never
2092 915 2124 941 be

1257 946 1316 972 able
1337 953 1364 969 to
1382 947 1467 977 reach,
1489 949 1636 972 over-reach
1652 956 1680 970 or
1693 949 1832 973 overtake,
1844 954 1891 975 me,
1912 949 1983 972 much
2004 948 2049 973 leſs
2066 955 2126 975 out-

1258 985 1303 1002 run
1321 984 1361 999 me
1392 983 1441 1002 out
1441 983 1477 1004 -
1477 983 1518 1005 go
1540 984 1586 1005 me,
1606 985 1667 1002 over
1685 985 1725 1001 ma
1741 977 1772 1001 ch
1792 985 1850 1003 me,
1897 983 1939 1009 get
1959 976 2050 1002 before
2071 985 2122 1004 me,

1259 1020 1303 1043 get
1321 1011 1506 1036 before - kand
1524 1014 1594 1038 with
1612 1020 1661 1040 me,
1674 1020 1716 1044 or
1727 1019 1770 1042 get
1793 1021 1838 1038 the
1859 1013 1921 1037 ſtart
1939 1016 1967 1036 of
1982 1022 2030 1037 me.
2069 1013 2124 1043 Die

1256 1048 1499 1081 nachkommende,
1539 1050 1558 1078 ſ.
1584 1049 1812 1080 nachkoͤmmlinge.
1855 1049 1936 1078 Eines
1955 1055 2042 1081 gutem
2065 1050 2123 1081 rath

1259 1078 1462 1112 nachkommen,
1497 1087 1524 1105 to
1542 1081 1653 1105 follow,
1677 1080 1762 1111 obey,
1801 1079 1908 1106 obſerve
1939 1089 1968 1104 or
1989 1080 2057 1104 mind
2077 1081 2123 1104 the

1259 1110 1331 1142 good
1346 1110 1430 1135 adviſe
1451 1117 1499 1134 one
1520 1118 1584 1143 gave
1604 1117 1675 1139 you;
1698 1117 1724 1135 to
1743 1111 1817 1134 make
1839 1110 1910 1142 good
1926 1110 1965 1136 uſe
1980 1115 2008 1137 of
2029 1117 2066 1140 it;
2093 1117 2122 1136 to

1259 1149 1332 1172 carry
1350 1149 1374 1165 or
1397 1149 1494 1174 govern
1513 1151 1571 1168 your
1592 1143 1638 1168 ſelf
1655 1146 1799 1175 according
1817 1149 1844 1166 to
1864 1148 1895 1167 it.

1292 1179 1565 1216 Nachkommenſchaft
1585 1183 1655 1209 (die)
1675 1183 1696 1209 ſ.
1713 1185 1736 1209 f.

1295 1210 1543 1241 Nachkommlinge,
1579 1207 1757 1237 nachkommen
1784 1211 1843 1237 oder
1864 1208 2126 1243 nachkkommenſchaft

1262 1242 1328 1279 (die)
1346 1246 1390 1269 the
1408 1245 1542 1277 poſterity,
1572 1246 1614 1269 the
1631 1250 1694 1269 after
1711 1251 1772 1277 ages,
1815 1253 1861 1269 our
1879 1245 2024 1273 ſucceſſors,
2050 1244 2125 1272 thoſe

1262 1283 1322 1302 that
1339 1278 1403 1301 will
1420 1279 1450 1302 be
1467 1279 1534 1302 born
1555 1285 1580 1302 in
1603 1284 1679 1302 times
1698 1284 1834 1302 hereafter.
1880 1276 1974 1307 Meine
1992 1277 2126 1307 nachkom⸗

1262 1315 1398 1346 kommen,
1427 1315 1473 1342 das
1497 1320 1548 1344 von
1565 1321 1616 1345 mir
1635 1314 1824 1347 abſtammende
1846 1314 1998 1347 geſchlecht,
2039 1321 2128 1345 meine

1262 1350 1350 1378 kinder
1367 1350 1420 1376 und
1438 1348 1616 1379 kindeskinder
1635 1354 1664 1379 zu
1680 1346 1747 1376 allen
1763 1353 1870 1379 zeiten,
1906 1356 1946 1381 my
1970 1347 2045 1380 iſſue,
2077 1348 2128 1377 off-

1258 1382 1363 1410 ſpring,
1381 1382 1522 1408 poſterity.
1543 1385 1670 1412 progeny,
1692 1385 1751 1403 race
1768 1388 1795 1404 or
1812 1377 1993 1404 deſcendants.

1297 1413 1487 1444 Nachkoͤnnen,
1508 1420 1536 1438 to
1558 1416 1589 1438 be
1607 1415 1667 1440 able
1687 1422 1715 1439 to
1736 1421 1808 1439 come
1819 1409 1924 1449 after;
1940 1420 1968 1438 to
1985 1413 2018 1439 be
2035 1420 2083 1450 apt
2099 1419 2128 1440 to

1260 1445 1372 1468 follow.

1296 1473 1487 1504 Nachkriechen
1507 1474 1619 1506 (einem)
1631 1473 1664 1498 to
1684 1481 1760 1507 creep
1774 1473 1845 1499 after
1864 1482 1927 1501 one.

1295 1505 1489 1538 Nachkuͤnſteln
1501 1505 1629 1538 (etwas)
1653 1513 1681 1530 to
1694 1508 1865 1532 counterfeit
1880 1515 1910 1532 or
1921 1507 2029 1533 imitate
2046 1511 2130 1535 ſome-

1255 1541 1336 1571 thing
1356 1540 1509 1572 cunningly.

1295 1571 1452 1604 Nachlallen
1478 1572 1593 1605 (einem
1615 1572 1723 1606 kinde)
1744 1580 1779 1599 to
1810 1574 1855 1599 lull
1880 1572 1946 1599 after
1968 1581 2038 1606 your
2066 1575 2129 1600 litte

1260 1603 1335 1630 child.

1294 1638 1414 1672 Nachlaß
1431 1639 1519 1674 (der)
1545 1648 1567 1667 1.
1593 1642 1649 1670 was
1670 1640 1742 1670 einer
1758 1639 1847 1671 ſeinen
1866 1640 1950 1669 erben
1975 1638 2127 1675 hinterlaͤſt,

1259 1677 1334 1700 wenn
1353 1678 1379 1699 er
1399 1671 1498 1704 ſtirbt,
1537 1673 1614 1698 what
1629 1681 1677 1698 one
1695 1673 1779 1698 leaves
1793 1680 1823 1698 to
1845 1673 1884 1697 his
1902 1674 1973 1698 heirs
1995 1677 2074 1699 when
2092 1675 2126 1699 he

1260 1705 1325 1737 dies;
1347 1706 1387 1731 his
1406 1706 1486 1732 eſtate
1499 1706 1553 1733 left
1568 1706 1676 1736 behind.
1693 1716 1711 1732 2
1738 1706 1807 1736 Was
1826 1713 1895 1735 einer
1912 1706 1932 1738 ſ.
1939 1713 2009 1734 mem
2028 1707 2126 1736 ſchuld⸗

1261 1745 1308 1768 ner
1329 1745 1361 1768 an
1378 1741 1421 1768 der
1438 1738 1519 1769 ſchuld
1539 1739 1658 1772 erlaſſet,
1677 1745 1752 1767 wenn
1770 1739 1881 1768 verſelbe
1900 1741 1967 1767 nicht
1983 1740 2062 1769 vollig
2083 1740 2128 1767 be⸗

1261 1772 1350 1803 zahlen
1370 1771 1428 1802 kan,
1449 1772 1532 1803 erlaß,
1567 1780 1600 1797 an
1615 1772 1798 1806 allowance;
1818 1779 1849 1797 an
1865 1773 2015 1797 abatement
2031 1771 2127 1805 agreed

1261 1811 1290 1830 to
1307 1811 1372 1835 your
1387 1804 1476 1830 debtor
1499 1806 1559 1830 that
1584 1813 1603 1829 is
1627 1805 1761 1830 inſolvent.
1799 1804 1851 1833 Ein
1879 1803 1984 1834 nachlaß
2007 1811 2040 1832 an
2068 1809 2126 1833 dem

1261 1842 1343 1873 preis,
1379 1839 1402 1872 ſo
1416 1845 1480 1868 man
1500 1841 1613 1875 gefodert
1628 1840 1686 1873 hat,
1723 1848 1755 1867 an
1775 1842 1923 1868 abatement
1945 1842 1973 1867 of
1991 1843 2036 1867 the
2053 1849 2125 1871 price

1255 1878 1312 1901 you
1335 1871 1419 1895 aſked
1433 1879 1478 1899 for
1497 1878 1511 1895 a
1532 1871 1696 1903 commodity
1718 1878 1768 1903 you
1787 1870 1836 1897 aſk
1852 1879 1881 1897 to
1907 1869 1960 1897 ſell.
1997 1879 2022 1903 3.
2045 1871 2128 1902 Ohne

1263 1905 1379 1938 nachlaß,
1401 1907 1464 1934 ohne
1488 1905 1622 1938 unterlaß,
1642 1903 1794 1940 unablaͤßig,
1815 1906 2037 1940 uninteruptedly,
2059 1915 2127 1933 wit-

1262 1943 1328 1966 hout
1356 1946 1548 1973 interruption,
1583 1940 1704 1966 without
1726 1939 1913 1969 intermiſſion,
1953 1940 2129 1973 continually,

1260 1979 1430 2012 unceſſantly.

1297 2009 1453 2038 Nachlaſſen
1473 2003 1581 2039 (etwas)
1602 2015 1626 2035 1.
1648 2009 1729 2036 etwas
1743 2006 1934 2040 hinterlaſſen,
1951 2014 1983 2033 to
2002 2008 2072 2033 leave
2089 2009 2128 2035 ſo-

1261 2046 1380 2078 mething
1398 2047 1502 2070 behind.
1542 2056 1567 2075 2.
1590 2045 1706 2077 Seinem
1724 2044 1851 2078 ſchuldner
1870 2051 1903 2073 an
1923 2048 1969 2074 der
1981 2045 2067 2078 ſchuld
2090 2048 2129 2076 et⸗

1261 2077 1317 2103 was
1343 2074 1488 2105 nachlaſſen
1508 2076 1567 2103 oder
1586 2074 1725 2106 erlaſſen,
1764 2083 1792 2101 to
1810 2074 1889 2100 abate
1907 2084 1936 2100 or
1955 2084 2032 2101 remit
2046 2075 2127 2105 ſome-

1262 2111 1340 2141 thing
1356 2117 1385 2134 to
1406 2117 1472 2140 your
1492 2110 1614 2142 debtor;
1651 2118 1679 2135 to
1699 2113 1800 2139 allow,
1843 2110 1913 2141 yield
1932 2119 1961 2133 or
1980 2118 2055 2142 agree
2074 2113 2127 2136 him

1261 2143 1329 2170 ſome
1349 2142 1509 2173 abatement.
1533 2149 1625 2174 Einem
1645 2141 1794 2172 uͤbelthater
1815 2142 1882 2174 ſeine
1901 2146 2033 2172 verdiente
2050 2143 2127 2174 ſtrafe

1259 2175 1405 2207 nachlaſſen
1429 2181 1488 2204 oder
1511 2179 1675 2213 verzeihen,
1704 2183 1734 2202 to
1753 2184 1840 2210 acquit
1862 2185 1869 2201 a
1887 2179 2039 2203 malefaƈtor
2051 2182 2125 2203 from

1259 2208 1299 2233 his
1317 2206 1438 2231 deſeived
1456 2210 1650 2240 puniſhment;
1669 2214 1697 2231 to
1720 2206 1817 2239 pardon
1838 2215 1868 2230 or
1888 2208 1951 2232 clear
1972 2208 2034 2234 him.
2075 2206 2126 2235 Et⸗

1257 2242 1315 2269 was
1334 2246 1383 2269 von
1409 2246 1503 2269 ſeinem
1523 2244 1591 2272 recht
1607 2243 1747 2275 nachlaſſen
1764 2244 1820 2271 vder
1842 2244 1931 2272 fahren
1949 2242 2054 2275 laſſen,
2092 2248 2122 2266 to

1260 2272 1345 2302 remit,
1363 2273 1442 2298 abate
1470 2279 1526 2305 give
1543 2282 1613 2302 over,
1633 2281 1697 2306 quit,
1718 2274 1848 2301 abandon,
1864 2274 1975 2303 forſake,
2003 2273 2123 2306 fore - go

1260 2312 1290 2328 or
1307 2305 1409 2336 forgive
1426 2305 1575 2337 ſomething
1589 2312 1618 2328 of
1637 2312 1699 2336 your
1718 2307 1805 2337 right;
1824 2311 1852 2328 to
1871 2312 1931 2337 part
1950 2307 2021 2331 with
2040 2304 2123 2330 ſome-

1260 2339 1340 2371 thing
1364 2342 1392 2363 of
1418 2346 1483 2370 your
1509 2347 1591 2371 right.
1632 2343 1688 2372 Jhr
1713 2343 1782 2371 laſſet
1810 2345 1888 2367 euren
1911 2340 2015 2369 kindern
2040 2338 2125 2370 zuviel

1262 2371 1334 2402 nach,
1353 2373 1395 2403 ihr
1411 2376 1546 2404 verſtattet
1568 2375 1644 2403 ihnen
1664 2376 1745 2401 zuviel
1767 2379 1858 2405 eignen
1878 2372 1980 2404 willen,
2008 2380 2059 2403 you
2078 2380 2125 2399 are

1258 2409 1310 2427 too
1329 2405 1467 2437 indulgent
1490 2413 1517 2428 to
1542 2415 1601 2436 your
1625 2411 1761 2431 children;
1796 2412 1847 2434 you
1870 2411 1911 2427 are
1937 2411 1984 2427 too
2007 2402 2070 2430 fond
2095 2404 2128 2431 of

1257 2433 1345 2462 them;
1366 2439 1416 2461 you
1433 2431 1467 2458 do
1481 2450 1530 2467 too
1552 2447 1628 2465 much
1644 2450 1750 2464 connive
1769 2440 1796 2457 at
1810 2434 1872 2458 their
1892 2433 2030 2461 ſelf-will;
2068 2441 2122 2461 you

1256 2468 1341 2493 allow
1367 2470 1438 2492 them
1461 2476 1507 2492 too
1535 2476 1609 2494 much
1634 2476 1662 2493 of
1682 2472 1829 2497 headineſs.
1874 2467 1939 2494 Eine
1957 2472 2001 2498 gar
2019 2473 2049 2497 zu
2066 2463 2124 2502 ſteif

1257 2502 1396 2537 geſpannte
1417 2503 1494 2534 ſenne
1514 2508 1657 2542 nach ⸗ oder
1677 2505 1800 2536 herunter
1820 2504 1908 2536 laſſen,
1929 2512 1958 2529 to
1975 2506 2067 2530 ſlaken
2089 2514 2122 2532 or

1257 2538 1329 2562 relax
1344 2543 1359 2559 a
1377 2537 1471 2567 ſtring;
1491 2543 1519 2561 to
1538 2544 1575 2562 let
1591 2545 1611 2562 it
1632 2541 1727 2562 down.
1766 2543 1777 2567 3
1813 2538 1867 2566 Die
1884 2536 1960 2567 ſenne
1980 2540 2024 2567 laͤſt
2046 2538 2121 2569 nach,

1258 2568 1327 2603 giebt
1347 2571 1426 2601 nach,
1446 2573 1509 2598 wird
1527 2572 1633 2604 ſchlapp,
1654 2573 1698 2595 the
1711 2571 1794 2603 ſtring
1811 2569 1936 2598 ſlakens,
1958 2571 2062 2599 relents,
2082 2580 2121 2597 re-

1255 2604 1340 2625 laxes,
1362 2605 1447 2623 remits
1463 2609 1493 2623 or
1511 2606 1612 2632 yields;
1633 2607 1653 2623 it
1674 2607 1765 2632 grows
1782 2598 1853 2625 looſe
1869 2609 1894 2624 or
1915 2598 2004 2625 ſlack.
2044 2603 2121 2631 Sein

1258 2635 1335 2668 fieber
1352 2631 1397 2666 laͤſt
1412 2636 1491 2665 nach,
1530 2639 1557 2664 es
1580 2638 1740 2664 vermindert
1760 2634 1812 2667 ſich,
1854 2635 1891 2661 his
1910 2635 1998 2663 feaver
2016 2634 2121 2666 ſlakes,

1256 2670 1344 2699 leſſens
1362 2679 1391 2697 or
1408 2671 1575 2699 diminiſhes.
1614 2672 1668 2702 Ehe
1688 2673 1731 2700 der
1751 2670 1828 2703 ſturm
1847 2670 2019 2704 nachgelaſſen
2035 2672 2121 2705 hatte,

1256 2702 1347 2727 before
1365 2701 1411 2725 the
1429 2701 1507 2728 ſtorm
1522 2703 1574 2727 had
1594 2701 1701 2728 ceaſed,
1729 2701 1771 2726 did
1787 2700 1859 2726 ceaſe
1881 2709 1911 2726 or
1931 2707 1989 2726 was
2006 2705 2120 2729 cahned.

1259 2737 1309 2778 Jch
1328 2738 1380 2766 will
1398 2740 1464 2767 nicht
1483 2737 1637 2770 nachlaſſen,
1677 2740 1715 2767 bis
1735 2745 1761 2767 es
1781 2738 1859 2771 fertig
1877 2739 1923 2772 iſt,
1961 2739 1970 2763 I
1989 2740 2050 2766 will
2070 2748 2119 2767 not

1257 2771 1333 2798 ſlack
1350 2778 1389 2803 my
1407 2771 1499 2800 hands,
1541 2774 1586 2800 I'll
1604 2773 1685 2797 work
1706 2771 1885 2804 unceſſantly,
1923 2773 1970 2799 I'll
1988 2780 2035 2798 not
2048 2772 2121 2799 ceaſe

1260 2805 1326 2832 from
1339 2803 1487 2836 working,
1515 2806 1571 2832 I'ill
1592 2813 1640 2830 not
1655 2804 1726 2831 leave
1746 2804 1787 2832 off
1799 2805 1950 2836 working,
1986 2807 2030 2830 till
2051 2807 2072 2832 it
2087 2807 2122 2832 be

1261 2846 1308 2872 got
1323 2839 1412 2870 ready.
1455 2834 1618 2875 Nachlaſſen
1624 2845 1651 2870 zu
1671 2839 1766 2873 eilen,
1802 2847 1831 2866 to
1855 2840 1929 2866 ſlack
1950 2847 2009 2873 your
2034 2841 2121 2876 ſpeed.

1262 2873 1416 2910 Nachlaſſen
1433 2879 1463 2905 zu
1484 2874 1578 2910 geben,
1596 2882 1626 2903 to
1640 2875 1717 2903 ſlack
1732 2884 1800 2912 your
1816 2875 1916 2909 hands;
1936 2883 1965 2904 to
1980 2878 2043 2905 ſtint
2055 2886 2123 2910 your
