2660 3369
296 426 336 461 fia
359 431 608 466 accompagnata
632 425 671 459 da
694 423 860 466 malizia,
884 425 1087 461 nondimeno
1122 427 1153 460 la
1186 425 1318 460 malizia
1349 426 1461 469 proprie
1499 431 1577 464 diƈta
1614 429 1637 464 è

296 470 404 511 quella
435 469 494 503 che
513 463 678 510 impugna
711 469 978 511 l’Onnipotenza
1014 470 1047 505 di
1080 472 1147 505 Dio
1179 481 1242 504 con
1274 470 1384 504 animo
1406 471 1567 511 efferato,
1599 483 1633 502 a-

298 518 389 549 lieno
426 515 510 550 dalla
542 515 758 558 penitenza.
796 515 864 558 Qui
897 517 933 552 in
962 518 1112 552 Venezia
1144 519 1164 552 ſi
1197 517 1236 551 ha
1269 516 1398 558 appreſo
1430 530 1492 552 una
1523 519 1637 552 dottri-

299 569 373 597 na,
402 558 460 592 che
492 569 554 592 con
586 559 800 601 centuplicate
823 558 1006 602 eſperienze
1031 570 1097 593 non
1120 561 1184 602 può
1208 560 1303 594 reſtar
1325 559 1428 602 capita
1451 562 1533 595 dalla
1556 566 1639 596 Cor-

298 613 330 636 te
354 603 387 637 di
412 606 541 643 Roma;
575 601 673 644 cioè,
705 603 763 637 che
787 604 817 636 la
840 603 1009 638 riduzione
1043 604 1131 645 degli
1164 605 1259 639 ſviati
1292 605 1333 638 ſia
1364 614 1460 646 opera
1491 606 1645 639 dell'am-

296 645 488 681 monizione
525 647 701 687 fraterna,
738 657 806 681 non
836 647 889 681 del
912 647 1042 691 flagello
1074 650 1127 683 del
1159 648 1330 689 Giudice,
1367 659 1384 681 e
1420 649 1479 683 che
1511 648 1643 684 neſſuno

296 693 316 727 ſi
356 690 387 724 fa
420 690 527 724 buono
560 698 617 731 per
648 701 767 723 umano
791 688 952 731 caſtigo,
990 701 1044 724 ma
1074 690 1165 725 bensì
1199 702 1255 733 per
1285 691 1375 726 forza
1407 692 1640 735 d'eſempio:

294 734 406 775 Magis
437 743 553 766 movent
586 732 753 775 exempla,
785 743 876 773 quam
909 735 1040 768 verba.
1083 737 1204 770 Perchè
1247 735 1271 769 il
1312 735 1412 769 timor
1441 736 1528 769 della
1560 745 1645 776 pena

292 787 360 809 non
384 776 480 818 volge
504 776 529 810 il
551 788 646 810 cuore
670 777 707 810 ad
733 788 845 818 operar
869 777 900 810 la
923 777 1034 818 virtù,
1059 789 1113 812 ma
1136 778 1183 813 ſol
1205 778 1358 813 trattiene
1384 780 1566 814 l'attualità
1587 781 1642 815 del

294 829 427 860 peccato
452 821 485 856 in
508 821 753 855 confiderazion
775 821 827 855 del
849 820 998 863 caſtigo,
1029 822 1061 855 là
1095 822 1178 858 dove
1211 821 1394 864 l'eſempio
1431 823 1471 856 ha
1495 824 1583 858 forza
1606 824 1643 858 di

293 873 449 895 muovere
473 874 490 895 e
514 861 645 904 piegare
668 864 698 897 la
721 861 879 903 volontà,
903 863 1014 906 previa
1038 864 1160 907 ſempre
1185 865 1216 897 la
1239 864 1346 905 grazia
1370 866 1404 899 di
1427 867 1522 900 Dio.
1554 867 1640 901 Sant'

292 905 454 947 Agoſtino
486 915 614 939 mentre
651 918 704 941 era
736 908 883 941 Monaco
914 905 1035 949 preteſe
1067 918 1111 941 un
1143 905 1259 948 giorno
1289 907 1389 941 andar
1428 919 1446 941 a
1479 908 1645 950 predicare

293 960 351 993 per
381 953 411 985 la
444 951 579 988 Città.
619 953 653 988 Si
684 953 764 988 veſtì
794 954 827 988 la
862 953 1016 994 Cappa,
1053 963 1076 985 e
1103 955 1155 988 col
1187 952 1243 987 ſuo
1272 955 1465 995 Compagno
1496 954 1648 988 ſervente

294 997 317 1030 ſi
349 993 444 1029 diede
474 1006 494 1030 a
525 992 697 1038 paſſeggiar
728 1005 785 1037 per
806 996 837 1030 le
863 996 982 1031 Piazze
1014 996 1082 1031 ſino
1104 1008 1122 1030 a
1144 994 1247 1036 ſera,
1276 1005 1293 1027 e
1325 994 1379 1037 già
1409 995 1646 1031 avvicinando-

293 1040 316 1074 ſi
348 1040 380 1077 la
413 1045 546 1081 notte,
576 1040 597 1074 ſi
631 1038 744 1075 riduſſe
777 1041 808 1074 al
842 1041 1055 1076 Convento.
1087 1042 1116 1076 II
1147 1042 1342 1081 Compagno
1377 1039 1478 1077 allora
1509 1042 1531 1076 ſi
1555 1042 1643 1084 preſe

294 1084 326 1117 la
361 1082 478 1119 libertà
508 1082 771 1125 d'interrogarlo
802 1093 859 1123 per
890 1084 966 1125 qual
997 1084 1086 1118 cauſa
1118 1095 1185 1118 non
1216 1083 1319 1119 aveſſe
1351 1084 1550 1127 predicato.
1581 1087 1641 1120 Ho

298 1125 464 1167 predicato
488 1127 706 1168 abbaſtanza,
730 1126 868 1168 riſpoſe;
891 1138 909 1159 e
931 1126 1000 1161 così
1022 1127 1077 1169 fu,
1100 1128 1159 1162 che
1183 1130 1215 1161 la
1237 1128 1317 1162 viſta
1338 1127 1371 1161 di
1394 1129 1470 1171 quel
1492 1128 1570 1163 ſant'
1580 1141 1640 1162 uo-

292 1178 376 1207 mo,
409 1167 468 1201 che
500 1168 555 1210 più
587 1178 726 1210 operava
758 1168 840 1202 bene
878 1167 912 1201 di
943 1178 1065 1211 quanto
1097 1179 1214 1202 ancora
1246 1168 1415 1210 predicaſſe
1440 1170 1504 1212 agli
1527 1170 1639 1210 altri,

296 1210 449 1244 raccordò
474 1222 491 1245 a
514 1211 593 1245 tutti
618 1212 648 1245 la
672 1220 880 1252 temperanza
909 1211 958 1246 de'
990 1211 1154 1253 coſtumi,
1190 1213 1292 1247 ſicchè
1322 1212 1430 1248 alcuni
1455 1216 1474 1247 ſi
1498 1223 1644 1247 trovaro-

297 1266 342 1288 no
366 1255 500 1298 perſuaſi
523 1256 632 1290 molto
654 1255 710 1298 più
731 1255 772 1290 da
791 1256 902 1298 quella
923 1265 1014 1291 muta
1037 1257 1252 1299 elaquenza,
1284 1257 1343 1291 che
1380 1259 1413 1292 ſe
1433 1259 1548 1294 foſſero
1570 1259 1643 1294 ſtatì

297 1299 420 1335 uditori
444 1299 478 1334 di
502 1311 547 1335 un
570 1300 670 1342 lungo
692 1300 731 1334 ed
754 1300 920 1335 elaborato
943 1301 1113 1336 diſcorſo.
1144 1302 1212 1337 Chi
1247 1301 1360 1343 voglia
1387 1301 1435 1336 far
1465 1313 1511 1337 un
1543 1310 1649 1335 conto

297 1342 332 1375 di
357 1340 564 1383 eſperienza,
587 1343 749 1378 vedrebbe
773 1342 831 1376 che
856 1343 964 1385 queſta
993 1344 1162 1378 clemenza
1194 1342 1385 1378 Veneziana
1415 1343 1523 1378 riduce
1555 1353 1644 1385 mag-

293 1384 369 1427 gior
393 1396 530 1421 numero
552 1388 586 1422 di
610 1386 802 1423 aſſenzienti
834 1389 897 1421 alla
928 1387 1085 1422 credenza
1116 1388 1318 1428 Cattolica,
1348 1389 1387 1422 ed
1402 1385 1471 1432 all'
1481 1390 1649 1425 oſſervan-

294 1443 337 1465 za
360 1431 447 1467 della
471 1431 665 1474 diſciplina,
686 1432 745 1466 che
767 1433 797 1466 la
820 1433 958 1467 ſeverità
991 1433 1077 1476 degli
1110 1432 1206 1467 altrui
1239 1433 1374 1474 governi
1406 1434 1465 1467 che
1488 1434 1649 1476 procedo-

292 1483 338 1507 no
361 1485 380 1507 a
405 1470 590 1507 ſcomunica
609 1485 626 1507 e
648 1485 667 1507 a
689 1473 812 1508 carceri
831 1483 946 1509 contro
970 1476 981 1509 i
1004 1474 1274 1516 diſubbidienti,
1295 1475 1475 1510 tralaſciato
1506 1487 1587 1509 anco
1618 1477 1644 1511 il

293 1517 445 1552 fomento
468 1519 528 1553 che
553 1518 577 1553 il
600 1517 706 1559 rigore
730 1518 799 1552 ſuol
823 1518 897 1554 dare
920 1519 973 1554 all’
992 1518 1170 1562 ipocriſia,
1198 1518 1328 1561 quando
1363 1522 1388 1554 ſi
1415 1518 1650 1555 ſcomunicano

292 1560 591 1605 gl’impenitenti;
614 1564 734 1604 perchè
757 1562 854 1597 molti
875 1574 932 1605 per
954 1563 1106 1598 iſcanſare
1138 1575 1202 1598 una
1238 1564 1338 1598 taccia
1369 1564 1422 1599 del
1454 1566 1594 1607 ſecolo,
1621 1567 1646 1600 ſi

291 1605 460 1640 farebbero
482 1605 531 1641 rei
554 1606 588 1640 di
611 1603 758 1647 maggior
779 1604 922 1649 iniquità
941 1608 1039 1643 verſo
1057 1609 1124 1643 Dio
1160 1607 1238 1643 nell'
1257 1608 1421 1644 accoſtarſi
1448 1610 1504 1644 all’
1526 1610 1644 1644 Altare

291 1647 389 1681 ſenza
411 1647 667 1690 preparazione,
686 1658 705 1680 e
727 1657 785 1690 per
807 1649 891 1685 altro
914 1647 979 1685 fine
1002 1649 1061 1683 che
1084 1661 1141 1692 per
1163 1651 1194 1684 la
1204 1649 1302 1685 ſalute
1327 1644 1418 1693 dell’
1434 1650 1558 1686 Anima.
1593 1652 1639 1684 La

290 1691 456 1727 medicina
479 1695 498 1728 è
519 1693 675 1735 ſalutare,
699 1692 731 1728 ſe
754 1694 771 1728 è
792 1692 881 1735 preſa
904 1704 922 1727 a
945 1702 1077 1734 tempo,
1101 1705 1119 1727 e
1141 1694 1225 1729 fuori
1252 1695 1281 1728 di
1305 1703 1416 1737 tempo
1440 1697 1460 1729 è
1481 1696 1641 1729 veleno.

291 1735 382 1779 Ogni
406 1735 522 1772 azione
546 1738 579 1772 di
601 1739 716 1774 Criſto
744 1738 753 1771 è
783 1748 840 1780 per
874 1737 933 1772 noi
962 1738 1107 1773 cattedra
1137 1739 1172 1773 di
1203 1737 1429 1774 erudimento.
1455 1741 1556 1774 Volle
1580 1750 1643 1782 per

293 1789 373 1821 capo
395 1780 482 1816 della
505 1781 624 1816 Chieſa
647 1793 692 1816 un
716 1781 915 1821 Peſcatore,
947 1790 1019 1814 non
1052 1792 1096 1815 un
1129 1779 1351 1821 Cacciatore,
1389 1780 1506 1823 perchè
1529 1782 1645 1825 queſto

295 1823 415 1867 adopra
439 1824 664 1867 l'archibugio
695 1837 713 1859 e
745 1826 779 1860 lo
809 1824 950 1868 ſpiedo,
987 1836 1009 1858 e
1034 1826 1146 1868 quello
1177 1827 1208 1860 la
1232 1836 1332 1861 rete.
1372 1829 1478 1862 Tutta
1502 1837 1592 1862 notte
1618 1828 1646 1863 ſi

296 1866 507 1903 affaticarono
531 1867 566 1902 in
590 1879 677 1902 vano
699 1870 711 1904 i
734 1868 902 1911 Diſcepoli
926 1868 1018 1903 nella
1037 1868 1263 1911 peſcagione:
1298 1869 1455 1905 avvertiti
1490 1872 1530 1906 da
1566 1872 1647 1906 Cri-

292 1913 340 1947 ſto
365 1911 424 1945 che
447 1909 616 1953 gettaſſero
640 1913 670 1947 le
704 1912 766 1947 reti
797 1913 862 1947 alla
894 1912 995 1948 deſtra
1026 1915 1112 1949 delta
1136 1916 1266 1954 Nave,
1292 1913 1399 1948 fecero
1430 1914 1646 1957 copioſiſſima

293 1954 425 1997 preda.
450 1954 570 1988 L’uno
570 1955 600 1989 e
623 1954 738 1990 l’altro
761 1965 819 1998 per
843 1953 1022 1997 inſegnarci
1046 1957 1105 1992 che
1128 1958 1153 1992 il
1177 1960 1352 1992 Peccatore
1379 1967 1460 1991 avea
1492 1957 1533 1992 da
1564 1958 1649 1993 eſſer

289 1996 422 2040 preſo,
439 2008 498 2032 ma
516 2009 583 2033 non
614 2007 754 2034 morto.
789 1999 872 2034 Così
904 1999 1034 2041 dunque
1066 2000 1087 2034 ſi
1121 1998 1299 2034 accoſtuma
1322 2001 1359 2034 in
1381 1999 1553 2042 Venezia,
1581 2001 1647 2035 che

290 2046 316 2078 il
340 2044 470 2079 Prelato
493 2054 562 2078 non
590 2043 730 2085 proceda
758 2054 778 2077 a
808 2043 992 2085 Cenſure,
1022 2044 1053 2078 ſe
1085 2043 1202 2078 alcuno
1239 2045 1360 2079 reſtaſſe
1395 2043 1579 2086 negligente
1603 2045 1644 2080 di

288 2086 500 2122 comunicarſi
523 2088 554 2123 la
577 2086 732 2131 Paſqua,
756 2096 814 2127 per
835 2098 903 2122 non
926 2087 974 2123 far
1004 2088 1044 2123 di
1073 2100 1122 2123 un
1151 2087 1342 2122 Fornicario
1368 2099 1410 2122 un
1434 2089 1638 2130 Sacrilego:

287 2129 408 2169 perchè
430 2128 466 2162 ſe
485 2129 502 2161 è
526 2127 664 2162 articolo
686 2129 720 2163 di
743 2128 826 2162 Fede
851 2127 982 2164 ſtatuito
1005 2128 1057 2163 dal
1080 2129 1242 2164 Concilio
1259 2131 1293 2164 di
1326 2131 1490 2171 Trento,
1523 2130 1582 2163 che
1614 2132 1643 2165 l'

286 2174 399 2214 empio
422 2183 490 2208 non
514 2173 534 2208 ſi
558 2173 716 2216 giuſtifica
739 2172 833 2207 ſenza
856 2173 890 2206 la
909 2171 1020 2215 grazia
1039 2175 1283 2216 preveniente;
1308 2173 1415 2216 queſta
1438 2173 1545 2216 grazia
1569 2174 1642 2208 mai

286 2227 355 2252 non
381 2219 401 2253 ſi
426 2217 584 2253 ritroverà
608 2217 685 2253 nell'
698 2228 815 2253 umana
838 2216 1020 2262 induſtria,
1056 2220 1126 2255 ſiaſi
1153 2219 1342 2263 diſpenſiera
1367 2227 1488 2261 quanto
1511 2221 1532 2254 ſi
1556 2232 1643 2255 vuo-

290 2266 325 2301 le
349 2265 382 2299 di
407 2264 546 2308 caſtigo,
570 2276 590 2299 o
614 2265 647 2300 di
670 2263 815 2309 premio.

373 2306 420 2336 Al
454 2305 724 2349 decimoterzo:
743 2303 801 2335 che
833 2300 864 2336 ſe
895 2300 1011 2336 alcuno
1045 2301 1133 2336 ſenta
1165 2300 1277 2345 ſpirito
1312 2300 1345 2336 di
1382 2301 1559 2337 vocazione
1591 2303 1643 2336 al-

282 2352 316 2387 la
349 2349 565 2393 Religione,
601 2360 619 2382 e
651 2348 760 2391 perciò
794 2346 917 2387 veſta
912 2345 1104 2394 l'Abito,
1137 2350 1175 2384 ad
1211 2349 1287 2392 ogni
1320 2349 1457 2386 minima
1491 2350 1643 2392 doglian-

281 2405 320 2428 za
353 2395 402 2426 de’
433 2396 561 2438 parenti
594 2396 624 2429 ſi
646 2394 747 2429 faccia
780 2393 880 2429 uſcire
916 2405 979 2428 con
1016 2396 1160 2437 preteſto
1188 2397 1223 2430 di
1255 2395 1469 2435 ſeduzione,
1514 2405 1640 2437 oppure

282 2440 313 2474 ſe
347 2439 367 2473 ſi
399 2439 494 2475 laſcia
529 2440 569 2474 al
593 2438 784 2473 Monaſtero
816 2437 848 2472 la
883 2436 1057 2481 perſona,
1090 2439 1110 2473 ſi
1145 2447 1352 2480 trattengano
1381 2439 1392 2472 i
1427 2439 1500 2473 beni
1534 2452 1549 2472 a
1581 2451 1635 2472 co-

284 2482 384 2515 modo
416 2481 465 2515 de'
497 2483 566 2516 ſuoi
598 2482 767 2523 parenti.
803 2481 1054 2516 Bartolommeo
1084 2481 1276 2523 Apoſtolo,
1308 2481 1500 2523 predicando
1526 2484 1554 2518 la
1579 2485 1640 2517 Fe-

283 2527 323 2562 de
355 2528 390 2561 di
425 2527 544 2562 Criſto
565 2527 627 2569 agl'
653 2526 817 2568 Indiani,
853 2525 888 2559 fu
921 2526 1077 2561 ricercato
1108 2537 1126 2560 a
1159 2527 1249 2561 ſanar
1271 2529 1301 2561 la
1323 2527 1484 2569 Figliuola
1504 2530 1556 2564 del
1581 2531 1637 2562 Re

284 2569 390 2603 oſſeſſa
425 2569 477 2602 dal
515 2571 733 2608 Demonio,
765 2570 829 2601 alla
861 2578 936 2601 cura
969 2569 1057 2602 della
1093 2567 1189 2612 quale
1227 2567 1370 2602 s'erano
1408 2568 1556 2604 affaticati
1593 2568 1628 2602 in

284 2621 372 2645 vano
395 2609 406 2642 i
431 2610 502 2644 loro
523 2621 742 2656 Bracmani.
759 2610 813 2644 La
826 2609 973 2651 liberò,
999 2606 1276 2654 comandandogli
1313 2606 1348 2642 in
1370 2620 1466 2646 nome
1489 2612 1521 2646 di
1544 2610 1637 2645 Gesù
