1588 2541
516 536 809 582 Ambaſciadori
826 538 991 588 qualche
1008 539 1114 579 lume
1134 535 1203 590 più
1220 539 1434 589 particola-

514 596 563 629 re
575 588 684 628 delle
702 588 790 629 coſe
810 589 847 628 di
860 587 1091 640 Germania,
1108 599 1131 628 e
1149 588 1188 628 di
1208 591 1338 640 quello
1358 591 1435 630 che

514 641 543 680 ſi
563 638 644 689 può
668 638 724 678 far
747 653 823 681 con
854 641 977 680 frutto
996 639 1046 681 da
1061 641 1192 692 queſta
1211 648 1321 691 parte
1342 654 1391 682 co
1406 643 1433 682 'l

513 693 704 744 negozio,
720 706 742 734 e
760 707 838 735 con
862 698 888 736 l’
909 696 1019 737 armi.
1073 699 1210 737 Vedeſi
1224 696 1434 744 inſomma,

514 745 590 784 che
616 744 641 782 ſi
662 745 753 784 vuol
769 743 895 794 prima
910 744 937 784 il
956 745 1147 792 negozio;
1174 745 1202 785 il
1230 746 1344 792 quale
1365 745 1435 784 do-

504 797 631 839 vend'
653 799 749 840 eſſer
766 811 796 837 sı
814 800 956 847 lungo,
985 796 1118 849 laſcia,
1145 811 1217 847 per
1228 800 1310 841 dir'
1324 802 1349 841 il
1365 810 1436 840 ve-

501 854 581 894 ro,
612 857 709 895 poca
737 846 922 897 ſperanza
948 848 1055 889 nelle
1085 849 1196 889 armi.
1258 851 1436 891 Dovran

511 896 672 945 dunque
701 898 754 948 gli
781 897 1076 940 Ambaſciadori
1109 906 1246 938 trattar
1258 902 1351 939 con
1379 898 1434 949 gli

510 952 676 993 Elettori
694 950 973 1004 Eccleſiaſtici,
994 963 1071 993 con
1091 951 1436 1005 diverſi-Prencipi

503 1001 652 1043 eretici
667 1004 762 1043 dell’
774 1002 950 1052 Unione,
950 1008 1038 1053 con
1060 1002 1238 1054 Baviera,
1260 1003 1328 1052 con
1356 1002 1435 1044 Saſ-

497 1054 639 1105 ſonia;
662 1067 699 1095 e
724 1058 749 1095 l'
773 1055 911 1096 ultima
936 1053 1219 1105 negoziazione
1235 1054 1329 1097 ſarà
1356 1067 1435 1097 con

499 1112 585 1148 Sua
600 1107 752 1149 Maeſtà
752 1107 935 1150 Ceſarea.
981 1106 1148 1167 Lunghi
1166 1106 1267 1158 giri;
1294 1121 1319 1150 e
1342 1108 1436 1151 maſ-

506 1159 602 1200 ſime
625 1157 665 1197 in
687 1156 921 1209 Germania,
955 1158 1074 1203 dove
1075 1165 1102 1210 i
1110 1160 1267 1200 conviti
1292 1160 1435 1201 rubba-

507 1221 562 1250 no
578 1209 611 1247 la
629 1208 739 1250 meta
754 1211 829 1258 del
829 1211 976 1259 tempo
996 1210 1028 1250 a’
1036 1203 1203 1260 negozj.
1252 1212 1325 1252 In
1352 1219 1435 1251 tan-

496 1269 552 1302 to
571 1261 606 1299 la
624 1261 737 1314 Lega
748 1263 943 1303 Cattolica
968 1263 1002 1303 s'
1026 1266 1043 1305 è
1060 1269 1211 1304 armata
1225 1262 1435 1312 gagliarda-

492 1309 668 1363 mente,
685 1325 708 1353 e
731 1315 756 1354 ſi
774 1314 882 1364 ſpera
893 1314 976 1355 ben
994 1314 1034 1357 di
1056 1313 1246 1364 Saſſonia;
1280 1314 1364 1356 anzi
1381 1306 1434 1367 gli

507 1370 638 1411 ultimi
664 1368 779 1412 avviſi
806 1382 857 1410 ne
885 1367 960 1410 dan
982 1367 1087 1421 quaſi
1104 1372 1199 1413 total
1221 1370 1461 1413 ſicurezza.

506 1426 557 1464 Se
577 1423 678 1464 bene
699 1421 790 1465 dall'
809 1424 905 1465 altra
921 1430 1032 1474 parte
1061 1421 1090 1465 ſi
1109 1427 1200 1475 può
1226 1421 1435 1473 dubitare,

506 1475 573 1518 ch’
596 1475 673 1526 egli
701 1487 781 1518 non
805 1474 922 1518 vorrà
939 1475 1162 1521 dichiararſi
1179 1475 1434 1518 intieramen-

502 1531 547 1567 te
563 1536 593 1564 si
615 1527 760 1579 preſto,
780 1540 841 1567 ma
859 1526 1104 1579 conſervarſi
1127 1523 1223 1584 Capo
1249 1523 1349 1577 della
1367 1529 1433 1572 ſua

505 1581 667 1630 propria
685 1581 839 1622 fazione
849 1582 1085 1631 Luterana,
1097 1592 1182 1633 per
1209 1584 1298 1624 farſi
1322 1591 1431 1626 tanto

505 1627 573 1680 più
597 1630 797 1673 ricercare
821 1632 869 1673 da
886 1632 1097 1684 Cattolici,
1132 1647 1155 1675 e
1178 1633 1239 1675 da’
1261 1632 1434 1676 Calvini-

504 1685 574 1730 ſti;
611 1691 755 1725 contro
780 1684 793 1723 i
816 1685 920 1735 quali
938 1686 1136 1729 Calviniſti
1163 1688 1263 1736 però
1286 1687 1313 1727 ſi
1330 1688 1433 1728 vede

506 1736 606 1777 eſſer
633 1735 737 1787 quaſi
774 1735 951 1787 maggior
984 1739 1011 1779 l'
1037 1736 1332 1781 abborrimento
1371 1739 1431 1779 de’

504 1790 718 1840 Luterani,
747 1791 824 1830 che
843 1784 991 1831 contro
1013 1790 1070 1843 gl'
1081 1792 1203 1835 iſteſſi
1232 1790 1430 1833 Cattolici.

504 1838 571 1878 Oh
588 1839 725 1887 voglia
747 1840 825 1881 Dio
848 1839 1050 1881 debellare
1067 1848 1153 1880 una
1173 1839 1286 1879 volta
1311 1840 1432 1891 queſt’

505 1889 598 1932 Idra
617 1891 709 1930 dell’
728 1890 872 1941 ereſia;
907 1903 929 1930 e
944 1889 1001 1930 far
1016 1902 1097 1931 cosi
1120 1884 1300 1941 prevaler
1317 1893 1351 1932 la
1369 1893 1432 1934 ſua

507 1944 650 1988 Chieſa
673 1948 776 1985 nella
802 1946 953 1987 felicità
982 1947 1044 1989 de’
1066 1945 1253 1995 ſucceſſi,
1281 1951 1383 1989 com’
1411 1945 1432 1987 è

505 1994 710 2046 ſuperiore
727 1994 830 2035 nella
860 1999 976 2037 bontà
1002 1999 1103 2038 della
1119 1997 1250 2037 cauſa!
1306 1999 1362 2040 Ed
1392 1997 1432 2039 io

502 2056 579 2097 per
597 2042 679 2086 fine
702 2059 722 2085 a
740 2048 785 2089 V.
809 2048 851 2088 E.
873 2047 983 2088 bacio
1005 2058 1083 2088 con
1106 2046 1309 2091 riverente
1325 2049 1434 2090 affet-

492 2112 546 2144 to
570 2101 607 2141 le
626 2100 744 2146 mani.
798 2103 851 2144 Di
868 2102 996 2155 Parigi
1006 2101 1041 2145 il
1055 2101 1190 2156 primo
1208 2105 1248 2147 di
1267 2103 1430 2155 Maggio

499 2153 620 2193 1620.
