1557 2216
308 404 415 447 Fatto
439 400 602 444 celebrar
626 400 851 445 rendimenti
874 398 911 438 di
937 412 1020 451 gra-

196 463 256 508 zie
270 458 418 507 ſolenni
432 458 485 512 gli
506 459 634 500 undici
651 473 671 499 e
687 460 817 501 dodici
834 456 1024 510 d'Agoſto,

196 519 322 559 l’anno
338 516 439 559 mille
452 518 502 558 ſei
518 525 631 558 cento
640 516 836 569 cinquanta
853 513 1023 555 all’occa-

197 574 301 622 ſione
316 573 410 618 della
425 588 516 628 pace
532 575 805 627 d’Osnabrück,
829 573 910 616 fece
927 584 1024 612 anco

196 633 341 679 battere
358 644 428 674 una
445 633 628 687 medaglia
651 635 690 674 di
713 630 774 674 cùi
796 634 880 677 fece
907 633 1025 676 diſtri-

196 692 282 732 buir
307 689 368 732 del
391 691 497 742 pezzi
527 703 547 730 a
564 699 664 733 tutto
691 688 712 728 'I
735 690 883 730 mondo
916 688 1024 730 ſenza

196 749 347 796 ſcordar
362 748 415 802 gli
435 748 591 794 ſcuolari
609 750 648 790 di
666 759 761 790 tutte
777 748 811 788 le
826 749 952 791 ſcuole
962 748 1024 791 del

196 809 265 854 ſuo
282 810 442 852 Ducato.
527 810 642 860 Sopra
666 806 794 863 queſto
816 819 936 859 pezzo
963 817 1025 851 era

197 868 326 916 ſeritto
343 867 369 910 il
393 867 463 909 che
485 866 606 920 ſegue.

256 928 357 967 GOtt
379 921 455 964 dem
468 921 619 965 Herren
635 919 712 964 lobt
736 921 809 965 und
827 922 908 963 ehrt

254 984 336 1025 Der
355 979 421 1027 den
448 979 600 1025 Frieden
616 978 682 1022 hat
707 978 876 1030 beſchert.

253 1038 407 1085 Fordert
416 1041 521 1095 ſeine
535 1038 673 1086 Furcht
692 1037 764 1080 und
785 1039 879 1093 Ehr,

255 1096 351 1154 Sonſt
374 1095 504 1149 beſteht
522 1110 565 1139 er
585 1095 849 1146 nimmermehr.

561 1163 670 1211 Cioè.

257 1192 404 1246 Lodate
419 1207 497 1244 Dio
521 1219 589 1257 per
618 1211 761 1256 ſempre

256 1273 340 1319 Che
362 1272 399 1314 ci
419 1266 596 1316 accorda
608 1270 642 1315 la
656 1265 762 1329 pace.

253 1329 513 1377 Conſacratevi
536 1332 621 1371 tutti
645 1343 665 1370 a
693 1327 757 1382 lui,

249 1391 443 1433 Accioche
464 1391 510 1433 ſia
536 1391 563 1432 il
586 1388 713 1433 voſtro
738 1388 942 1441 appoggio.

308 1448 457 1495 L’anno
481 1448 585 1493 mille
609 1448 662 1490 ſei
676 1458 790 1488 cento
813 1448 1023 1491 ſeſſantuno

195 1505 224 1547 li
247 1505 321 1548 due
346 1503 384 1548 di
410 1502 618 1548 Settembre
645 1501 729 1546 fece
753 1504 912 1546 renderſi
938 1514 1024 1544 om-

195 1568 349 1619 maggio
381 1581 401 1613 a
427 1569 644 1621 Wafungen
665 1568 706 1608 in
735 1566 975 1618 Henneberg,
1001 1578 1025 1606 e

192 1621 275 1662 fece
307 1634 402 1669 anco
431 1619 587 1673 ſtampar
640 1630 712 1676 una
733 1621 916 1672 medaglia
956 1631 1024 1671 per

189 1680 323 1735 queſto
347 1679 509 1732 ſogetto.
568 1679 669 1727 D'un
691 1678 769 1720 lato
784 1680 809 1722 ſi
825 1681 1022 1720 vedevano

191 1735 229 1778 le
248 1737 342 1781 armi
359 1735 399 1776 di
413 1733 646 1785 Henneberg
660 1747 737 1777 con
752 1747 824 1776 una
841 1747 984 1775 corona
1000 1747 1024 1772 e

192 1795 318 1860 queſte
335 1796 471 1858 parole.
