3248 3935
1167 739 1290 790 1526.

1154 884 1224 911 Due
1248 875 1291 915 Rè
1319 876 1354 913 di

1110 929 1244 960 Francia
1264 923 1343 968 ſoli
1338 921 1365 974 ſi

1110 974 1201 996 trova
1213 976 1295 999 eſſere
1296 967 1355 1006 ſta-

1108 1002 1135 1036 ti
1153 1000 1228 1024 fatti
1241 1000 1350 1030 prigio-

1110 1039 1161 1086 ni:.

1376 684 1615 745 ſtichezza,
1631 696 1653 725 e
1682 684 1957 737 confidenza,
1984 686 2081 734 che
2098 687 2325 735 Giovanni
2359 689 2555 738 eziandio
2589 693 2739 751 poichè
2767 696 2839 743 fu

1375 745 1577 794 liberato,
1599 759 1622 788 e
1648 744 1756 789 ſtato
1784 745 1861 805 più
1878 748 1996 798 anni
1996 748 2051 799 in
2080 750 2258 796 Francia
2286 751 2506 799 ritornaſſe
2549 754 2809 801 volontaria-

1375 815 1520 846 mente
1549 805 1596 847 in
1635 802 1886 864 Inghilterra
1913 809 2006 869 per
2021 807 2228 860 deſiderio
2257 811 2323 856 di
2340 813 2528 859 rivedere
2559 815 2614 861 (a).
2628 810 2820 873 l'oſpite

1377 863 1477 905 ſuo:
1511 862 1641 904 averſi
1679 868 1883 921 memoria
1908 866 2012 911 ſolo
2012 866 2086 911 di
2086 867 2191 913 due
2213 869 2283 915 Rè
2313 870 2359 914 di
2401 869 2575 917 Francia
2614 871 2692 917 che
2734 874 2815 919 foſ-

1377 926 1466 973 ſero
1495 923 1593 970 ſtati
1621 923 1719 969 fatti
1749 921 1938 990 prigioni
1971 918 2034 974 in
2045 928 2288 988 battaglia,
2298 929 2547 985 Giovanni,
2576 948 2597 977 e
2628 934 2710 985 lui,
2743 948 2815 978 ma

1375 981 1498 1024 eſſere
1529 993 1615 1024 non
1645 995 1792 1027 meno
1804 985 1990 1031 notabile
2009 984 2061 1046 la
2083 984 2283 1051 diverſità
2305 979 2421 1053 degli
2452 988 2627 1048 eſempj,
2658 991 2814 1049 poichè

1376 1042 1512 1085 l'uno
1548 1053 1706 1100 poteva
1741 1043 1874 1101 eſſere
1874 1037 2076 1103 allegato
2096 1048 2178 1104 per
2195 1042 2401 1107 eſempio
2426 1052 2534 1095 della
2560 1048 2814 1110 benignità,

1375 1101 1523 1146 l’altro
1550 1116 1622 1155 per
1641 1103 1832 1158 eſempio
1852 1104 2147 1150 dell’acerbità
2163 1104 2235 1165 del
2260 1103 2494 1164 vincitore,
2514 1102 2559 1162 nè
2585 1122 2706 1152 avere
2727 1104 2833 1153 tro-

1373 1174 1479 1201 vato
1511 1164 1656 1204 animo
1685 1164 1763 1219 più
1791 1164 1983 1219 placato,
2016 1176 2051 1206 o
2075 1164 2298 1210 manſueto
2330 1165 2448 1212 verſo
2479 1168 2540 1226 gli
2567 1168 2686 1221 altri,
2718 1171 2813 1214 anzi

1373 1222 1503 1263 eſſerſi
1534 1234 1607 1278 per
1639 1224 1652 1261 i
1681 1223 1937 1282 parlamenti
1963 1224 2106 1270 avuti
2106 1224 2210 1271 ſeco
2210 1225 2259 1272 a
2281 1226 2454 1279 Madril
2472 1229 2708 1276 certificato
2736 1233 2812 1276 ch'

1372 1283 1458 1329 egli
1486 1293 1697 1332 occupato
1723 1283 1788 1322 da
1824 1283 1986 1322 ſomma
2028 1282 2266 1324 ambizione
2310 1295 2400 1324 non
2442 1283 2621 1338 penſava
2664 1286 2716 1330 ad
2747 1288 2807 1330 al-

1374 1349 1443 1377 tro
1474 1343 1517 1374 (b)
1548 1342 1627 1378 che
1661 1353 1686 1380 a
1718 1353 1898 1381 mettere
1923 1342 1968 1382 in
1993 1340 2152 1384 ſervitù
2177 1342 2289 1386 della
2319 1343 2464 1388 Chieſa
2486 1342 2630 1391 Italia,
2656 1358 2678 1387 e
2707 1345 2817 1390 tutti

1374 1398 1435 1451 gli
1459 1397 1564 1439 altri
1576 1398 1789 1453 Principi,
1809 1399 1915 1453 però
1942 1401 2171 1446 deſiderare
2191 1402 2274 1445 che
2290 1402 2320 1445 il
2336 1404 2472 1461 Papa,
2479 1406 2518 1456 e
2542 1405 2558 1450 i
2575 1404 2810 1452 Veneziani

1373 1456 1557 1500 aveſſero
1586 1455 1735 1498 animo
1754 1456 1797 1497 di
1823 1455 1991 1515 penſare
2013 1458 2094 1503 alla
2121 1459 2250 1504 falute
2277 1459 2472 1518 propria,
2493 1463 2647 1518 perchè
2672 1465 2813 1510 dimo-

1373 1514 1583 1558 ſtrerebbe
1604 1515 1697 1557 loro
1721 1525 1885 1571 quanto
1914 1512 2013 1560 foſſe
2043 1514 2275 1565 deſideroſo
2310 1516 2354 1562 di
2381 1525 2632 1566 concorrere
2652 1522 2731 1566 alla
2753 1522 2813 1566 fa-

1371 1576 1473 1617 lute
1500 1576 1694 1637 comune,
1726 1588 1750 1619 e
1773 1576 1826 1620 di
1852 1574 2101 1636 reſtrignerſi
2129 1592 2231 1623 con
2251 1579 2355 1624 loro
2375 1594 2402 1623 a
2420 1578 2606 1639 pigliare
2635 1582 2672 1629 le
2703 1584 2811 1628 armi

1371 1638 1524 1673 contro
1542 1638 1582 1675 a
1611 1637 1779 1694 Ceſare,
1804 1638 1901 1676 non
1916 1647 2001 1691 per
2001 1636 2249 1695 ricuperare
2267 1649 2346 1694 per
2370 1635 2428 1692 ſe
2437 1638 2486 1697 lo
2505 1639 2633 1697 Stato
2661 1633 2715 1693 di
2722 1642 2811 1688 Mi-

1370 1697 1497 1756 lano,
1526 1710 1559 1742 o
1587 1697 1825 1754 accreſcere
1844 1697 2104 1739 altrimenti
2128 1697 2168 1737 la
2199 1693 2289 1753 ſua
2305 1698 2516 1755 potenza,
2548 1699 2589 1737 (c)
2606 1713 2694 1741 ma
2723 1698 2817 1743 ſolo

1369 1758 1530 1800 perchè
1539 1758 1629 1808 col
1629 1756 1803 1810 mezzo
1812 1757 1935 1792 della
1942 1756 2112 1805 guerra
2112 1754 2278 1807 poteſſe
2302 1751 2547 1808 conſeguire
2565 1753 2602 1808 i
2602 1753 2812 1812 figliuoli,

1370 1817 1402 1863 e
1402 1816 1551 1864 Italia
1562 1816 1613 1846 la
1623 1822 1823 1862 libertà,
1832 1813 1996 1861 poichè
2016 1811 2085 1865 la
2084 1809 2242 1864 troppa
2252 1805 2452 1865 cupidità
2474 1825 2565 1854 non
2590 1824 2731 1856 aveva
2754 1814 2812 1858 la-

1371 1871 1504 1923 ſciato
1525 1872 1643 1919 lume
1664 1871 1687 1903 a
1700 1868 1856 1905 Ceſare
1871 1867 1920 1915 di
1920 1865 2168 1918 obbligarlo
2185 1866 2246 1920 in
2258 1860 2387 1910 modo
2417 1855 2496 1922 che
2527 1864 2625 1913 foſſe
2654 1878 2808 1914 tenuto

1372 1933 1416 1973 a
1416 1924 1543 1974 ſtare
1543 1926 1676 1976 nella
1707 1924 2051 1985 capitolazione,
2072 1925 2376 1974 concioſiache
2376 1932 2430 1975 e
2442 1927 2617 1989 prima,
2638 1932 2809 1989 quando

1365 2001 1445 2042 era
1457 1988 1606 2027 nella
1628 1987 1778 2046 Rocca
1813 1984 1879 2043 di
1886 1976 2203 2046 Pizzichitone,
2203 1981 2262 2041 e
2284 1987 2389 2047 poi
2389 1988 2459 2041 in
2489 1986 2679 2047 Iſpagna
2697 1993 2828 2040 nella

1365 2042 1581 2089 Fortezza
1595 2049 1649 2097 di
1649 2047 1846 2099 Madril
1846 2044 1992 2101 aveſſe
2017 2043 2173 2091 molte
2202 2041 2326 2102 volte
2350 2038 2576 2111 proteſtato
2599 2057 2624 2094 a
2629 2051 2830 2103 Ceſare,

1368 2109 1526 2159 poichè
1553 2110 1710 2166 vedeva
1720 2110 1781 2146 la
1809 2103 1988 2165 iniquità
2003 2104 2135 2151 delle
2163 2101 2358 2166 dimande
2372 2105 2465 2161 ſue,
2488 2107 2566 2154 che
2589 2108 2628 2155 ſe
2659 2111 2831 2162 ſtretto

1366 2168 1478 2200 dalla
1503 2165 1707 2222 neceſſità
1726 2166 1879 2224 cedeſſe
1896 2178 1926 2206 a
1950 2165 2099 2220 inique
2116 2157 2379 2228 condizioni,
2401 2163 2448 2209 le
2462 2163 2576 2223 quali
2595 2173 2689 2214 non
2706 2166 2826 2216 foſſe

1364 2231 1411 2257 in
1443 2229 1603 2272 poteſtà
1628 2228 1700 2261 ſua
1724 2228 1771 2261 di
1800 2228 2031 2269 oſſervare,
2052 2224 2140 2282 che
2163 2236 2239 2281 non
2265 2218 2346 2268 ſolo
2376 2228 2457 2283 non
2487 2225 2534 2269 le
2556 2223 2810 2272 oſſervereb-

1364 2289 1442 2322 be,
1471 2290 1576 2321 anzi
1595 2285 1864 2337 riputandoſi
1886 2283 2118 2337 ingiuriato
2149 2282 2216 2326 da
2234 2281 2322 2332 lui,
2352 2293 2427 2339 per
2457 2286 2602 2332 averlo
2629 2286 2809 2341 aſtretto

1364 2355 1399 2375 a
1421 2342 1645 2396 promeſſe.
1661 2340 1849 2397 inoneſte
1866 2352 1892 2381 e
1912 2339 2185 2398 impoſſibili,
2212 2337 2257 2402 ſe
2278 2344 2343 2384 ne
2373 2341 2740 2395 vendicherebbe,
2761 2344 2804 2389 ſe

1364 2402 1452 2458 mai
1480 2412 1529 2434 ne
1554 2399 1687 2439 aveſſe
1714 2397 1758 2436 la
1780 2395 2019 2441 occaſione.
2061 2397 2133 2444 Nè
2144 2394 2270 2451 avere
2281 2398 2487 2444 mancato
2502 2404 2558 2445 di
2558 2404 2655 2446 dire
2669 2403 2819 2447 molte

1364 2462 1482 2494 volte
1517 2457 1660 2510 quello
1707 2456 1788 2495 che
1818 2463 1892 2511 per
1913 2455 2028 2501 loro
2066 2452 2170 2502 ſteſſi
2198 2450 2432 2511 potevano
2461 2446 2644 2511 ſapere,
2671 2473 2694 2504 e
2702 2459 2808 2506 che

2648 2525 2745 2567 cre-

1442 2623 1490 2663 (a)
1513 2624 1589 2657 Dice
1609 2624 1748 2664 Emilio,
1767 2625 1822 2657 che
1842 2628 1865 2659 il
1878 2627 1998 2660 ritorno
2020 2628 2051 2660 di

1361 2663 1520 2695 Giovanni
1542 2664 1576 2694 in
1595 2663 1782 2705 Inghilterra
1804 2665 1842 2698 fu
1855 2677 1907 2707 per
1926 2667 2053 2699 liberare

1360 2703 1371 2732 i
1391 2700 1548 2742 prigioni,
1567 2702 1687 2745 ch'egli
1706 2704 1738 2735 vi
1756 2714 1854 2740 aveva
1876 2701 2012 2741 laſciati,
2031 2707 2058 2747 e

1360 2753 1425 2774 non
1449 2753 1502 2783 per
1523 2742 1662 2786 rivedere
1683 2743 1833 2793 l'oſpite,
1849 2756 1931 2788 come
1954 2749 2051 2789 vuole

1359 2787 1382 2819 il
1397 2776 1644 2817 Guicciardini.

1442 2820 1487 2859 (b)
1509 2819 1535 2850 Il
1558 2820 1664 2853 Giovio
1681 2816 1830 2860 parlando
1847 2821 1926 2856 della
1945 2821 2068 2862 perſo-

1358 2871 1417 2899 na,
1440 2874 1458 2894 e
1478 2863 1550 2899 dell’
1574 2865 1754 2901 intenzione
1776 2867 1812 2901 di
1832 2865 1958 2909 Ceſare,
1983 2868 2049 2900 dice

1356 2908 1411 2937 che
1435 2905 1455 2936 il
1478 2904 1626 2946 conſiglio
1650 2909 1681 2939 di
1706 2900 1825 2948 Spagna
1846 2909 1875 2938 lo
1889 2908 2049 2947 perſuade-

1357 2952 1396 2974 va
1431 2953 1447 2974 a
1477 2943 1693 2985 impadronirſi
1711 2938 1884 2985 d'Italia,
1911 2948 1950 2980 ed
1985 2949 2045 2985 eſſo

1353 2984 1422 3015 non
1440 2992 1491 3014 era
1509 2984 1559 3017 del
1589 2991 1676 3017 tutto
1706 2985 1790 3019 fuori
1825 2987 1856 3019 di
1888 2985 2055 3031 penſiero,

2113 2631 2163 2651 ma
2185 2623 2240 2653 che
2263 2611 2408 2644 temendo
2428 2613 2476 2646 dei
2497 2611 2685 2651 Veneziani,
2698 2626 2713 2645 e
2736 2614 2800 2651 del-

2112 2659 2140 2686 le
2159 2657 2243 2685 forze
2266 2655 2316 2688 del
2336 2654 2434 2695 Papa,
2455 2666 2472 2687 e
2491 2655 2544 2688 dei
2563 2656 2734 2691 Fiorentini,
2747 2652 2798 2696 ſe

2109 2703 2161 2746 ne
2169 2698 2314 2733 aſtenne.

2192 2737 2242 2781 (c)
2258 2731 2336 2769 Dice
2355 2737 2381 2771 il
2402 2736 2527 2775 Giovio,
2547 2750 2561 2768 e
2583 2739 2603 2772 il
2631 2739 2798 2775 Bellaiche

2109 2775 2137 2805 le
2155 2767 2306 2817 cagioni,
2319 2773 2374 2803 che
2393 2773 2546 2810 induſſero
2560 2778 2581 2809 il
2604 2778 2649 2809 Re
2671 2779 2800 2811 France-

2111 2819 2161 2845 ſco
2191 2825 2208 2842 a
2225 2814 2313 2846 non
2313 2810 2463 2848 oſſervare
2486 2815 2514 2848 le
2541 2814 2610 2847 coſe
2634 2817 2800 2857 promeſſe,

2110 2864 2126 2880 e
2147 2863 2163 2879 a
2186 2858 2315 2881 muover
2343 2858 2454 2889 guerra
2479 2862 2494 2883 a
2526 2855 2652 2890 Ceſare,
2679 2851 2797 2886 furono

2109 2895 2247 2928 l’amore
2267 2892 2316 2924 dei
2337 2891 2441 2932 propri
2470 2895 2624 2937 figliuoli,
2642 2909 2659 2927 e
2681 2898 2712 2927 la
2729 2906 2798 2932 gra-

2109 2941 2201 2967 vezza
2224 2932 2302 2966 delle
2315 2930 2491 2963 condizioni
2511 2932 2684 2975 impoſtegli
2702 2934 2730 2964 da
2729 2926 2798 2973 Ce-

2105 2985 2190 3019 ſare.
