1701 2661
472 275 562 332 174

574 372 729 408 Paſſarmi
749 372 775 403 il
798 378 873 408 cor;
903 369 968 401 che
988 366 1073 402 forſe

574 428 628 460 Mi
658 426 696 457 fu
725 424 869 456 renduto
892 422 994 454 allora

573 480 639 526 Per
660 480 789 522 poterlo
821 478 930 512 ferire.

576 539 634 575 Io,
655 542 714 581 poi
737 540 786 570 ch’
810 550 828 569 a
849 545 957 571 morte
978 538 1029 568 mi
1049 533 1147 568 ſentii
1168 535 1278 573 ferito,

577 595 683 628 Come
706 594 778 626 ſuol
801 592 975 635 diſperato,

576 651 663 683 Poco
685 646 804 679 mancò
827 648 887 680 che
909 649 933 678 l’
954 645 1100 678 omicide
1121 645 1236 678 labbra

578 709 656 740 Non
680 705 832 739 mordeſſi
862 716 880 736 e
902 702 1055 748 ſegnaſſi;

578 764 637 796 Ma
660 764 710 794 mi
731 764 878 797 ritenne,
909 758 1016 794 oimè!
1046 758 1068 789 l'
1090 767 1168 790 aura
1192 761 1338 793 odorata,

580 820 653 851 Che
675 818 764 860 quaſi
788 815 887 861 ſpirto
911 817 942 849 d’
965 818 1078 848 anima
1100 820 1220 847 divina

581 877 748 921 Riſvegliò
781 878 810 909 la
841 876 999 910 modeſtia

584 933 612 965 E
636 933 714 976 quel
736 932 847 966 furore
877 932 1003 968 eſtinſe,
1028 942 1099 963 ecc.

947 1191 1010 1214 22.

603 1271 778 1310 Dorinda
812 1275 982 1319 amante,
1022 1280 1041 1304 e
1068 1266 1182 1305 Silvio
1211 1265 1361 1317 ritroſo.

500 1409 592 1444 Dor.

617 1408 646 1440 O
671 1408 724 1441 del
746 1408 817 1441 mio
839 1404 928 1440 bello
952 1415 971 1438 e
990 1401 1169 1447 diſpietato
1192 1402 1337 1436 Silvio

588 1456 696 1493 Cura,
720 1467 736 1487 e
760 1447 879 1488 diletto
901 1457 1120 1492 avventuroſo
1151 1469 1170 1484 e
1199 1459 1286 1488 fido;

587 1521 674 1554 Foſs’
698 1521 730 1551 io
756 1516 785 1550 sì
809 1526 878 1548 cara
893 1516 933 1549 al
955 1522 1015 1547 tuo
1037 1513 1146 1557 ſignor
1174 1517 1307 1546 crudele

587 1569 691 1603 Come
716 1567 755 1601 ſe'
778 1576 816 1601 tu
840 1569 1029 1608 Melampo:
1054 1573 1121 1605 egli
1144 1582 1205 1594 con
1236 1572 1346 1605 quella

588 1627 736 1660 Candida
761 1637 839 1656 man
863 1628 913 1655 ch'
933 1616 953 1654 a
977 1637 1031 1655 me
1054 1618 1210 1668 diſtringe
1232 1630 1259 1652 il
1282 1636 1391 1665 cuore,

590 1694 641 1725 Te
674 1689 879 1722 dolcemente
898 1684 1097 1729 luſingando
1118 1694 1229 1721 nutre,

589 1747 617 1781 E
642 1755 711 1779 teco
737 1747 761 1777 il
785 1743 836 1780 di,
861 1751 931 1783 teco
956 1743 987 1775 la
1010 1753 1103 1775 notte
1126 1744 1267 1785 alberga,

590 1806 713 1839 Mentr'
744 1806 777 1835 io
812 1800 886 1834 che
886 1800 917 1833 l'
938 1811 1015 1834 amo
1039 1808 1129 1833 tanto
1147 1802 1223 1831 ivan
1247 1799 1382 1840 ſoſpiro,

591 1866 621 1898 E
643 1865 764 1894 ’nvano
788 1860 813 1890 il
834 1867 955 1902 prego;
979 1868 997 1888 e
1019 1859 1097 1899 quel
1121 1858 1181 1890 che
1203 1858 1264 1900 più
1285 1859 1335 1886 mi
1358 1858 1471 1892 duole,

595 1921 639 1954 Ti
671 1920 711 1951 da
744 1928 772 1948 si
796 1918 859 1948 cari
882 1926 900 1947 e
922 1915 951 1948 si
974 1914 1064 1947 ſoavi
1086 1916 1169 1951 baci,

593 1973 655 2006 Ch’
678 1982 724 2003 un
750 1971 796 2003 ſol
818 1971 878 2003 che
899 1974 933 2000 n'
956 1971 1056 2002 aveſs'
1079 1972 1133 2004 io,
1162 1973 1196 1998 n’
1219 1956 1334 1998 andrei
1353 1968 1470 2004 beata;

593 2033 622 2065 E
643 2040 700 2074 per
722 2029 782 2072 più
803 2040 872 2061 non
895 2039 1010 2070 poter,
1032 2031 1059 2059 ti
1081 2030 1176 2061 hacio
1198 2026 1293 2062 anch'
1315 2026 1362 2063 io,

594 2089 775 2122 Fortunato
800 2079 982 2128 Melampo.
1028 2087 1073 2117 Or
1095 2086 1127 2117 ſe
1147 2085 1291 2126 benigna

1370 2141 1488 2205 Stella
