1480 2243
522 274 584 343 6

621 382 664 421 Je
694 391 749 415 ne
784 389 851 415 me
881 377 1135 415 contenterai
1172 374 1293 426 point
1322 375 1374 413 de

547 444 586 480 la
608 440 747 492 ſimple
773 441 927 479 lecture
961 439 1084 477 d’une
1120 439 1377 481 méditation,

550 518 634 555 peu
655 503 842 542 ſalutaire
870 515 977 553 pour
1003 504 1090 542 moi
1115 504 1144 542 ſi
1176 505 1254 543 elle
1280 502 1379 541 n’eſt

547 565 679 602 ſuivie
702 565 772 601 des
796 574 1066 603 mouvemens
1091 561 1144 599 de
1168 564 1210 600 la
1232 570 1380 610 repen-

550 634 678 665 tance.
719 630 762 669 Je
777 625 1018 670 réfléchirai,
1038 622 1265 670 j'étudierai
1280 635 1380 661 mon

548 695 697 730 propre
727 694 840 719 cœur
864 693 963 718 avec
988 671 1098 725 ſoin,
1138 684 1176 726 je
1202 680 1381 717 tâcherai

550 755 647 793 d’en
677 752 828 792 ſonder
859 753 919 790 les
952 749 1078 801 replis
1111 751 1171 789 les
1198 750 1290 800 plus
1322 749 1382 787 ſe-

552 822 676 860 crets,
724 815 804 853 aſin
837 813 890 852 de
923 815 963 852 le
993 812 1143 851 rendre
1178 810 1270 863 plus
1304 818 1383 862 pur

554 871 708 905 devant
748 869 871 905 Dieu.
947 867 1014 905 Un
1043 879 1214 902 examen
1244 865 1382 901 ſévére

552 937 606 975 de
644 949 713 973 ma
751 932 1013 980 conſcience,
1064 946 1132 973 me
1172 933 1262 973 fera
1298 932 1385 972 ſeul

554 998 769 1036 connoître
796 1008 882 1035 mes
908 1008 1076 1034 erreurs.
1127 999 1170 1039 Je
1194 1008 1248 1033 ne
1278 997 1386 1033 veux

551 1063 674 1114 point
703 1077 771 1102 me
801 1063 905 1104 faire
935 1062 1098 1103 illuſion
1122 1063 1190 1101 ſur
1214 1073 1260 1098 ce
1287 1060 1385 1110 qu’il

552 1135 582 1173 y
618 1138 642 1162 a
674 1121 932 1174 d’irrégulier
959 1122 1060 1159 dans
1085 1134 1152 1158 ma
1177 1119 1384 1160 conduite.

554 1185 755 1228 Pluſieurs
792 1182 1039 1234 obligations
1074 1195 1140 1220 me
1167 1181 1256 1221 ſont
1282 1181 1386 1232 preſ-

557 1246 676 1285 crites
710 1245 809 1285 dans
842 1245 901 1284 les
929 1244 1162 1284 différentes
1193 1242 1384 1282 relations

557 1310 616 1348 où
640 1310 680 1355 je
711 1322 779 1347 me
803 1316 951 1348 trouve
986 1303 1151 1356 engagé.
1224 1308 1291 1345 Un
1320 1316 1386 1355 ap-

557 1371 688 1422 percû
733 1379 825 1421 trop
874 1367 1037 1421 général
1088 1371 1140 1410 de
1190 1382 1259 1409 ma
1306 1369 1386 1411 vie,

558 1435 599 1474 le
630 1434 771 1485 ſimple
807 1445 913 1472 aveu
945 1432 997 1471 de
1029 1444 1095 1469 ma
1127 1431 1313 1472 foibleſſe
1335 1439 1386 1470 ne

558 1493 712 1535 ſauroit
733 1493 863 1533 ſuffire
887 1504 996 1542 pour
1017 1503 1085 1529 me
1107 1491 1211 1530 faire
1228 1491 1388 1530 obtenir

560 1553 701 1609 grâce;
745 1558 784 1603 je
818 1557 954 1595 verrai
985 1555 1014 1594 ſi
1046 1558 1084 1602 je
1115 1569 1183 1594 me
1212 1553 1294 1593 ſuis
1330 1565 1389 1592 ac-

561 1621 693 1673 quitté
726 1623 778 1662 de
813 1633 859 1660 ce
892 1633 972 1671 que
1012 1622 1050 1666 je
1077 1620 1168 1660 dois
1195 1633 1248 1658 au
1272 1618 1388 1660 Créa-

561 1692 672 1730 teur,
710 1684 739 1722 ſi
774 1683 844 1731 j'ai
867 1682 1019 1733 rempli
1041 1683 1101 1720 les
1125 1681 1288 1721 devoirs
1312 1684 1387 1731 que

563 1748 604 1783 le
644 1744 848 1794 prochain
891 1752 991 1795 peut
1030 1744 1167 1793 exiger
1205 1741 1257 1780 de
1294 1741 1388 1783 moi,

566 1801 594 1839 ſi
631 1806 669 1847 je
701 1814 769 1838 me
801 1802 884 1838 ſuis
917 1797 1096 1848 reſpecté
1135 1798 1222 1835 moi
1247 1799 1387 1836 même,

568 1878 610 1907 et
636 1869 665 1907 ſi
700 1871 770 1917 j'ai
800 1869 877 1910 fait
898 1881 959 1906 un
982 1866 1069 1904 bon
1091 1863 1213 1917 uſage
1238 1867 1310 1905 des
1335 1865 1387 1905 fa-

1258 1926 1375 1976 cultés
