1595 2101
625 249 709 286 C'eſt
725 255 751 289 à
774 253 856 292 quoi
870 253 901 289 il
929 254 998 290 faut
1024 254 1212 296 répondre:
1241 265 1322 290 mais
1346 259 1419 294 c'eſt

623 302 665 326 ce
688 303 743 337 qui
759 305 840 327 vous
857 304 926 328 met
947 297 1026 330 dans
1038 308 1079 331 un
1089 298 1232 332 fâcheux
1241 301 1419 340 embarras,

624 349 690 381 que
707 351 789 375 vous
803 343 930 383 effayez
943 345 1061 377 envain
1071 345 1216 380 d'éluder
1230 357 1271 380 en
1288 348 1423 382 détour-

621 392 705 418 nant
723 386 754 418 la
771 386 939 427 queſtion,
956 388 986 421 &
1000 388 1104 422 citant
1120 390 1258 423 d'autres
1275 389 1421 433 paſſages

624 430 668 461 de
690 429 835 468 Leſſius,
862 430 1009 471 deſquels
1026 433 1048 464 il
1065 441 1107 465 ne
1130 432 1223 473 s’agit
1241 434 1348 474 point.
1388 442 1421 466 Je

623 472 710 496 vous
729 463 892 497 demande
909 467 997 499 donc
1013 466 1035 498 ſi
1059 474 1147 500 cette
1170 470 1313 503 maxime
1335 461 1423 507 d’Eſ-

623 511 730 543 cobar
752 521 832 554 peut
856 512 928 546 être
952 513 1057 546 ſuivie
1079 523 1119 546 en
1144 515 1342 550 conſcience
1362 525 1421 558 par

624 561 712 586 ceux
726 555 780 595 qui
798 554 874 589 font
891 556 1146 597 banqueroute?
1155 558 1200 593 Et
1216 567 1340 601 prenez
1349 568 1422 600 gar-

625 595 669 627 de
685 596 702 628 à
725 605 764 628 ce
788 604 852 637 que
878 606 959 630 vous
982 599 1085 633 direz.
1128 600 1194 635 Car
1213 602 1236 635 ſi
1264 610 1347 634 vous
1373 603 1425 636 ré-

621 637 758 680 pondez
778 649 841 680 que
858 649 946 678 non,
957 649 1022 681 que
1031 641 1210 677 deviendra
1224 651 1318 677 votre
1330 644 1422 679 Doc-

623 687 719 719 teur,
730 680 760 714 &
770 691 865 715 votre
875 682 1037 718 Doctrine
1047 685 1089 718 de
1098 686 1127 718 la
1138 686 1369 722 Probabilité?
1378 689 1422 722 Et

622 721 648 754 ſi
661 733 743 755 vous
762 723 849 754 dites
863 731 927 763 que
944 722 1030 762 oui,
1067 723 1101 765 je
1118 734 1202 758 vous
1220 727 1362 760 renvoie
1382 736 1425 771 au

621 767 822 795 Parlement.

667 801 703 842 Je
721 812 804 835 vous
822 803 909 837 laiſſe
925 805 1004 838 dans
1019 811 1109 838 cette
1125 805 1245 848 peine,
1275 815 1346 841 mes
1364 809 1424 846 Pè-

622 858 699 889 res;
722 859 777 883 car
794 851 828 891 je
849 853 912 885 n'ai
931 854 1003 894 plus
1026 854 1070 887 ici
1088 854 1130 888 de
1148 854 1243 897 place
1267 863 1353 896 pour
1369 865 1424 889 en-

623 892 821 933 treprendre
847 894 1048 937 l’impoſture
1071 894 1219 931 ſuivante
1238 897 1289 932 ſur
1306 898 1338 931 le
1353 899 1423 940 paſ-

622 933 700 976 ſage
715 936 756 969 de
773 936 893 970 Leſſius
910 939 1072 973 touchant
1084 939 1311 983 l’Homicide,
1322 951 1363 974 ce
1376 941 1423 976 ſe-

622 984 659 1008 ra
674 987 759 1014 pour
774 979 804 1010 la
817 979 982 1020 prémière
995 980 1081 1021 fois,
1092 982 1122 1014 &
1139 983 1172 1014 le
1185 982 1270 1014 reſte
1284 981 1423 1014 enſuite.

663 1019 701 1060 Je
724 1029 766 1052 ne
793 1030 875 1054 vous
898 1023 979 1056 dirai
997 1024 1067 1056 rien
1087 1024 1276 1063 cependant
1301 1024 1352 1058 ſur
1373 1027 1422 1060 les

623 1060 872 1096 avertiſſemens
885 1063 991 1103 pleins
1002 1064 1045 1096 de
1062 1064 1223 1101 fauſſetez
1236 1065 1425 1101 fcandaleu-

622 1103 674 1137 ſes
690 1114 748 1146 par
765 1106 807 1137 où
828 1116 908 1141 vous
930 1106 1055 1141 finiſſez
1076 1107 1204 1151 chaque
1221 1108 1423 1152 impoſture:

621 1147 656 1187 je
673 1147 844 1187 repartirai
869 1147 886 1181 à
909 1157 985 1183 tout
1005 1150 1078 1183 cela
1094 1150 1175 1185 dans
1194 1152 1226 1184 la
1238 1150 1355 1186 Lettre
1378 1152 1424 1188 où

622 1186 759 1229 j'eſpère
783 1195 932 1223 montrer
952 1191 983 1223 la
1006 1190 1122 1225 ſource
1148 1191 1191 1226 de
1214 1203 1275 1225 vos
1299 1194 1426 1228 calom-

625 1232 709 1264 nies.
754 1232 791 1274 Je
805 1242 887 1265 vous
909 1233 1033 1276 plains,
1050 1242 1125 1268 mes
1139 1236 1266 1273 Pères,
1296 1237 1424 1272 d'avoir

622 1281 761 1306 recours
778 1274 796 1306 à
817 1274 859 1307 de
880 1276 943 1308 tels
956 1273 1122 1309 remèdes.
1142 1277 1207 1310 Les
1222 1277 1343 1319 injures
1357 1287 1424 1319 que

623 1320 708 1348 vous
727 1325 780 1349 me
797 1317 911 1358 dites,
941 1318 1188 1354 n’éclairciront
1202 1329 1259 1362 pas
1277 1329 1340 1355 nos
1358 1323 1422 1358 dif-

621 1356 777 1391 férends:
793 1357 824 1390 &
841 1359 887 1390 les
906 1365 1060 1391 menaces
1074 1367 1138 1399 que
1153 1369 1236 1392 vous
1253 1370 1307 1394 me
1324 1361 1424 1396 faites

622 1408 665 1434 en
682 1410 752 1435 tant
770 1403 811 1434 de
826 1401 966 1446 façons,
1000 1411 1043 1435 ne
1061 1404 1349 1448 m'empêcheront
1366 1415 1423 1448 pas

622 1441 666 1474 de
691 1451 744 1475 me
770 1443 942 1478 défendre.
1005 1445 1098 1480 Vous
1129 1452 1254 1488 croyez
1277 1449 1371 1480 avoir
1392 1449 1424 1482 la

617 1485 722 1520 force
737 1488 769 1520 &
789 1486 999 1529 l'impunité,
1022 1487 1106 1526 mais
1116 1483 1152 1529 je
1171 1489 1259 1523 crois
1275 1491 1371 1525 avoir
1390 1492 1424 1526 la

619 1530 730 1563 vérité
747 1532 776 1564 &
794 1531 1014 1565 'innocence.
1057 1532 1144 1568 C'eſt
1159 1543 1223 1567 une
1239 1534 1376 1576 étrange
1390 1534 1424 1568 &

619 1565 744 1609 longue
764 1577 903 1610 guerre,
926 1578 994 1611 que
1004 1570 1088 1604 celle
1104 1573 1149 1606 où
1167 1573 1195 1606 la
1210 1573 1367 1607 violence
1376 1574 1422 1608 eſ-

617 1612 693 1654 ſaye
709 1614 913 1656 d'opprimer
929 1617 959 1650 la
974 1617 1093 1652 vérité.
1123 1618 1219 1653 Tous
1230 1619 1279 1652 les
1299 1620 1419 1657 efforts

619 1655 664 1691 de
680 1658 712 1691 la
726 1656 881 1699 violence
896 1667 939 1694 ne
959 1665 1108 1703 peuvent
1124 1660 1268 1701 affoiblir
1285 1664 1316 1702 la
1333 1663 1419 1701 véri-
