1464 2313
302 485 357 512 DE
395 476 515 513 MAD.
552 485 612 513 DU
646 479 885 515 MONTIER.

949 486 1017 517 199

204 546 249 583 ſes
272 550 420 596 premiers
445 560 651 585 mouvemens
670 551 775 587 ſeront
795 549 902 598 paſſés.
963 552 1020 586 Les

202 606 343 642 Princes,
369 605 569 639 accoutumés
590 605 645 641 dès
669 607 735 644 leur
759 604 888 641 enfance
908 606 925 642 à
950 606 1021 651 voir

201 671 326 706 ramper
346 658 417 696 ſous
449 673 508 697 eux
530 671 599 695 tout
620 674 654 696 ce
685 663 742 711 qui
773 660 815 695 les
840 658 1020 711 approche,

202 719 351 755 s’irritent
366 719 502 760 d’abord
524 721 564 757 de
589 720 618 757 la
636 720 794 759 réſiſtance
812 728 902 771 qu’ils
931 736 1018 758 trou-

200 786 277 811 vent
299 773 312 811 à
331 774 410 811 leurs
435 775 607 827 volontés,
616 778 752 824 quelque
773 784 897 825 injuſtes
922 780 1020 826 qu’el-

199 827 244 864 les
261 827 378 869 ſoient;
405 830 482 864 mais
499 842 537 864 au
553 831 635 865 fond
652 833 691 866 de
709 836 775 866 leur
801 850 888 866 cœur
915 840 952 867 ils
979 849 1018 865 ne

199 900 336 936 peuvent
361 891 553 941 s'empêcher
579 895 735 931 d’eſtimer
761 907 823 930 une
845 909 915 932 ame
940 893 1019 932 aſſez

200 948 320 993 grande
342 960 426 998 pour
448 949 477 986 ſe
502 950 604 986 roidir
631 962 738 987 contre
769 952 849 987 leurs
874 955 1020 999 caprices.

200 1005 267 1041 Tôt
280 1019 323 1042 ou
340 1005 405 1044 tard
415 1005 606 1042 l'innocence
615 1005 655 1041 de
668 1018 757 1043 votre
767 1009 871 1055 époux
887 1008 949 1044 ſera
969 1021 1018 1044 re-

201 1070 345 1108 connuë,
358 1073 392 1105 &
407 1067 434 1105 le
452 1068 560 1105 Prince
577 1064 680 1115 ſçaura
702 1065 768 1102 bon
779 1069 836 1115 gré
847 1080 884 1102 au
896 1069 1017 1106 Comte

199 1117 240 1153 de
249 1131 287 1156 ne
297 1119 402 1155 l’avoir
408 1122 501 1169 point
513 1118 711 1159 abandonné.
738 1124 839 1157 Votre
848 1121 921 1171 père
940 1125 1018 1159 écrit

199 1190 236 1214 au
246 1172 409 1232 Marquis,
434 1194 515 1231 pour
534 1180 578 1217 lui
597 1181 778 1231 témoigner
793 1180 822 1216 la
847 1195 915 1232 part
937 1180 1016 1233 qu’il

199 1239 301 1283 prend
317 1239 335 1274 à
353 1238 409 1275 ſon
423 1239 583 1289 malheur:
598 1243 626 1286 je
641 1239 781 1288 joindrai
796 1240 814 1276 à
829 1240 858 1275 ſa
874 1241 957 1278 lettre
975 1253 1018 1275 un

199 1301 272 1325 mot
280 1291 319 1327 de
328 1304 378 1326 ma
389 1293 494 1333 main;
510 1290 684 1330 aſſurez - le
693 1305 732 1328 en
749 1293 908 1330 attendant
919 1295 958 1329 de
967 1306 1019 1329 ma

198 1345 368 1385 ſenſibilité
389 1346 438 1384 ſur
455 1360 490 1383 ce
508 1350 565 1395 qui
581 1348 610 1382 le
629 1349 752 1384 touche.

272 1401 324 1436 Ce
343 1413 404 1449 que
418 1415 496 1439 vous
520 1419 572 1440 me
587 1407 721 1440 mandez
745 1405 785 1438 de
808 1417 899 1441 votre
914 1407 1020 1454 ſœur,

198 1471 251 1494 me
274 1458 439 1511 ſurprend,
471 1466 507 1498 &
528 1466 579 1508 j'ai
599 1475 676 1511 peur
699 1474 761 1510 que
789 1461 848 1498 ſon
868 1462 961 1500 ſecret
977 1476 1017 1499 ne

197 1514 242 1552 lui
260 1514 318 1551 ſoit
333 1515 475 1564 échappé
491 1521 666 1554 vis-à-vis
686 1520 731 1553 du
745 1519 883 1554 Comte:
908 1521 1017 1554 tâchez

198 1571 239 1611 de
259 1569 415 1617 l'engager
439 1572 458 1606 à
479 1585 559 1607 vous
576 1577 683 1611 ouvrir
699 1575 755 1608 ſon
776 1585 881 1614 cœur,
906 1582 940 1610 &
966 1587 1014 1608 re-

195 1641 334 1666 mettons
342 1644 420 1668 cette
430 1631 533 1669 affaire
543 1634 564 1669 à
572 1634 600 1669 la
609 1631 822 1670 Providence.
877 1635 915 1684 Je
932 1633 1017 1671 n'oſe

197 1679 446 1718 m’abandonner
467 1694 525 1719 aux
545 1684 633 1719 idées
659 1688 812 1736 flatteuſes
827 1698 882 1732 qui
898 1691 927 1736 ſe
945 1694 1017 1733 pré-

197 1739 315 1778 ſentent
337 1740 355 1776 à
380 1752 459 1777 mon
482 1739 599 1791 eſprit;
646 1749 725 1779 mais
747 1751 776 1790 je
807 1761 888 1780 vous
920 1748 1016 1781 aſſure

195 1796 274 1846 qu’il
298 1811 350 1835 me
375 1797 470 1839 ſeroit
498 1799 571 1837 bien
590 1801 676 1839 doux
705 1802 744 1839 de
760 1805 829 1837 voir
847 1816 882 1836 ce
899 1816 1014 1850 pauvre

193 1861 314 1897 Comte
329 1858 467 1910 prendre
485 1874 569 1911 pour
592 1861 650 1899 elle
671 1863 715 1903 les
745 1862 913 1900 ſentimens
936 1861 1016 1912 qu’il

195 1932 213 1957 a
230 1931 284 1955 eus
306 1933 389 1969 pour
416 1935 515 1959 vous:
540 1937 574 1959 ce
591 1924 663 1960 n’eſt
687 1926 720 1960 ni
740 1923 796 1960 ſon
814 1936 912 1972 rang,
938 1924 970 1959 ni
987 1924 1016 1962 ſa

195 1966 324 2011 fortune
341 1982 402 2018 que
422 1971 608 2019 j'enviſage;
635 1973 704 2006 c'eſt
727 1973 755 2008 ſa
775 1988 863 2010 vertu
889 1980 945 2020 qui
962 1989 1015 2011 me

620 2044 707 2086 N4

970 2043 1017 2080 fe-
