2026 2893
878 588 963 626 P.S.
945 588 1123 639 J'eſpère
1141 590 1186 627 de
1202 590 1286 626 faire
1305 590 1414 638 partir
1430 589 1576 626 demain
1593 591 1627 627 le
1648 591 1732 627 livre
1753 603 1800 627 en

930 660 1111 707 queſtion,
1133 660 1167 697 &
1196 663 1220 698 il
1237 661 1316 698 faut
1335 674 1407 709 que
1422 661 1605 697 Néaulme
1623 661 1654 697 ſe
1673 661 1796 708 preſſe.

826 852 927 918 Vos
956 871 1259 920 appréhenſions,
1294 883 1385 907 mon
1403 872 1486 908 cher
1506 874 1688 919 Marquis,
1716 875 1797 909 ſont

826 950 900 984 mal
919 947 1090 993 fondées;
1118 958 1214 984 nous
1240 950 1390 984 n’avons
1415 946 1492 983 rien
1517 947 1538 983 à
1563 949 1722 985 craindre
1749 949 1796 985 de

826 1021 860 1054 la
898 1018 1038 1061 Ruſſie;
1092 1026 1212 1052 toutes
1238 1018 1290 1053 les
1323 1026 1475 1065 troupes
1508 1010 1589 1053 s’en
1621 1026 1714 1053 vont
1749 1030 1797 1054 en

826 1100 1024 1137 Moſcovie.
1103 1097 1233 1151 Quant
1260 1097 1282 1133 à
1309 1107 1403 1134 cette
1426 1099 1656 1143 révolution,
1679 1097 1716 1148 je
1738 1099 1797 1135 l'ai

828 1168 1106 1215 appréhendée;
1129 1170 1189 1218 j'ai
1218 1167 1338 1205 même
1366 1170 1477 1206 averti
1500 1170 1730 1217 l'Empereur
1750 1168 1797 1205 de

827 1242 984 1288 prendre
1004 1242 1053 1277 ſes
1073 1243 1248 1286 meſures;
1275 1243 1364 1278 mais
1382 1243 1416 1278 ſa
1427 1243 1573 1280 ſécurité
1593 1255 1613 1279 a
1634 1244 1690 1278 été
1711 1250 1796 1288 trop

828 1314 986 1363 grande;
1013 1317 1038 1352 il
1064 1317 1096 1353 ſe
1123 1315 1258 1352 fâchoit
1282 1314 1411 1361 quand
1438 1328 1488 1352 on
1515 1315 1568 1351 lui
1596 1315 1728 1362 parloit
1750 1315 1797 1352 de

828 1388 1081 1434 précautions,
1120 1386 1153 1424 &
1174 1388 1243 1438 j'ai
1272 1400 1403 1426 encore
1428 1389 1463 1424 la
1484 1390 1588 1425 lettre
1615 1390 1708 1437 qu’il
1728 1392 1798 1425 m’a

829 1464 936 1499 écrite
963 1475 1009 1499 en
1027 1463 1179 1510 réponſe
1198 1474 1271 1498 aux
1292 1462 1364 1498 avis
1376 1473 1449 1509 que
1463 1461 1500 1512 je
1511 1463 1564 1498 lui
1584 1463 1683 1499 avois
1703 1462 1798 1498 don-

828 1536 900 1571 nés.
962 1535 1040 1572 Son
1065 1534 1229 1570 malheur
1251 1535 1353 1571 vient
1377 1532 1425 1570 de
1448 1546 1488 1570 ce
1516 1534 1603 1582 qu’il
1628 1547 1649 1570 a
1680 1535 1796 1571 voulu

827 1607 983 1654 prendre
1002 1607 1151 1644 certains
1162 1607 1266 1644 biens
1287 1617 1334 1643 au
1355 1606 1489 1657 clergé;
1505 1607 1559 1643 les
1578 1607 1710 1655 prêtres
1733 1616 1799 1643 ont

828 1682 941 1718 tramé
958 1682 993 1717 la
1010 1680 1238 1724 révolution,
1266 1681 1330 1727 qui
1348 1682 1424 1719 s’eſt
1445 1682 1619 1718 exécutée
1639 1690 1723 1718 tout
1750 1681 1798 1719 de

828 1756 927 1792 ſuite.
981 1755 1033 1791 Ce
1050 1754 1184 1802 prince,
1201 1755 1395 1802 poſſédant
1418 1752 1539 1791 toutes
1566 1757 1618 1792 les
1646 1753 1798 1806 qualités

830 1826 882 1860 du
899 1836 995 1861 cœur
1010 1828 1123 1871 qu’on
1140 1835 1233 1872 peut
1252 1826 1402 1870 déſirer,
1427 1826 1564 1860 n’avoit
1584 1836 1649 1872 pas
1671 1833 1799 1864 autant

830 1896 876 1932 de
900 1894 1100 1943 prudence,
1119 1894 1153 1931 &
1171 1896 1196 1931 il
1215 1907 1262 1932 en
1275 1895 1353 1932 faut
1370 1895 1569 1942 beaucoup
1589 1904 1685 1941 pour
1704 1906 1797 1943 gou-

828 1979 956 2003 verner
973 1974 1066 2003 cette
1086 1967 1223 2004 nation.
1253 1966 1317 2005 On
1334 1969 1551 2003 m’annonce
1567 1969 1798 2018 aujourd'hui

830 2049 916 2094 qu’il
935 2048 983 2084 eſt
1004 2056 1101 2084 mort
1123 2047 1168 2086 de
1190 2048 1225 2084 la
1250 2045 1405 2094 colique.

904 2121 1009 2157 Vous
1036 2129 1146 2163 avez,
1171 2130 1263 2155 mon
1290 2121 1375 2156 cher
1402 2117 1586 2167 Marquis,
1612 2126 1698 2156 tout
1723 2119 1798 2156 lieu

830 2194 939 2231 d'être
957 2192 1149 2239 tranquille
1173 2205 1270 2240 pour
1289 2192 1434 2238 Berlin,
1458 2204 1536 2228 non
1560 2202 1658 2239 pour
1687 2203 1796 2234 nous,

831 2281 886 2304 car
900 2282 995 2305 nous
1015 2281 1126 2305 avons
1146 2282 1218 2308 une
1237 2269 1398 2319 beſogne
1420 2269 1628 2318 également
1653 2271 1800 2320 difficile

830 2343 865 2380 &
888 2343 1096 2380 haſardeuſe
1123 2343 1143 2379 à
1174 2341 1454 2390 entreprendre;
1480 2342 1571 2379 mais
1595 2342 1633 2378 ni
1657 2341 1739 2389 plus
1760 2341 1800 2379 ni
