1407 1993
337 229 394 275 30

462 220 526 268 LA
526 220 713 268 BELLE
713 220 1034 268 WOLFIENNE.

336 316 399 348 ce,
435 306 458 340 ſi
489 312 625 344 connue
649 316 712 356 par
737 308 786 349 les
810 309 959 363 diſputes
988 312 1108 368 qu’elle
1131 327 1153 355 a

333 358 603 398 occaſionnées,
638 365 735 394 entre
766 367 854 397 ceux
877 361 936 411 qui
959 363 991 401 la
1012 364 1152 406 traitent

331 408 375 438 de
400 409 546 451 fadaiſe,
571 407 609 442 &
638 414 726 446 ceux
752 408 810 458 qui
836 421 899 449 ont
922 415 1018 453 tenté
1046 417 1091 455 de
1118 418 1151 454 la

329 458 506 498 ſoutenir,
545 455 596 491 eſt
617 456 696 493 tout
727 467 768 495 an
801 459 876 510 plus
910 463 941 500 la
973 475 1071 503 mere
1101 466 1148 504 du

331 509 393 540 Cas
406 514 483 551 pur,
504 517 551 543 ou
566 506 611 545 du
627 510 786 558 Hazard;
820 511 859 550 &
876 516 995 564 qu’elle
1012 517 1063 555 eſt
1084 528 1171 566 par

326 558 535 603 conſéquent
558 565 697 594 comme
715 559 750 597 le
768 561 907 602 Hazard
929 562 1143 610 lui-même,

324 616 393 637 une
420 614 507 651 pure
532 607 710 660 chimère,
730 610 813 657 qu'il
826 610 883 650 eſt
892 615 1084 667 impoſſible
1099 618 1145 654 de

321 660 492 701 prouver,
519 654 594 704 (a)
607 654 649 695 &
662 657 748 696 dont
763 662 859 704 „les
882 657 1074 714 Philoſophes
1089 668 1143 712 qui

323 719 414 751 „en
434 716 488 745 ont
505 712 616 761 parlé,
643 708 733 748 ”s’il
748 707 848 750 m’eſt
869 710 1002 761 permis
1016 712 1061 752 de
1077 725 1141 752 co-

320 759 397 800 pier
423 763 467 787 un
500 753 634 793 endroit
667 755 710 796 de
742 758 775 797 la
809 759 974 802 Theodicée
1002 763 1046 802 de
1077 763 1138 803 feu

318 808 491 846 Leibnitz,
518 808 583 846 (b)
601 815 691 849 „ne
699 804 862 855 ſauvoient
875 820 936 860 pas
951 813 1050 851 même
1066 826 1136 852 con-

315 871 468 901 „cevoir
497 860 529 885 la
551 860 655 888 notion
675 856 758 890 dans
786 856 868 893 leurs
893 855 1001 905 têtes,
1037 862 1072 898 ni
1095 872 1134 899 en

316 916 451 955 „faire
464 907 532 936 voir
546 906 578 940 la
594 905 703 941 réalité
713 914 775 953 par
791 916 890 944 aucun
906 911 1041 960 exemple
1054 913 1135 950 dans

316 972 412 1000 „les
436 956 606 1004 choſes.”
634 958 755 997 Notez
785 970 829 997 en
853 959 1008 1012 paſſant,
1033 963 1133 1006 Mlle.

316 1007 394 1048 qu’il
417 1015 437 1050 y
459 1015 478 1037 a
503 1013 571 1052 peu
589 1003 632 1041 de
651 1005 808 1046 matieres
829 1009 1135 1064 Philoſophiques,

316 1066 382 1092 que
402 1058 558 1104 Leibnitz
583 1055 632 1085 ait
657 1059 731 1087 tant
747 1053 928 1103 épluchées
948 1048 988 1095 &
1012 1059 1129 1099 debat-

314 1115 409 1145 tues,
436 1113 501 1153 que
519 1104 602 1144 celle
615 1106 658 1146 de
673 1105 908 1161 l’Indifférence
922 1111 1129 1165 d’Equilibre.

313 1157 341 1186 Il
359 1160 402 1184 en
426 1156 517 1198 parle
535 1163 578 1188 en
602 1156 674 1201 plus
694 1156 737 1192 de
756 1168 800 1204 17
814 1159 847 1207 §.
873 1159 1034 1203 différens
1051 1160 1126 1212 (c),

313 1205 370 1245 qui
390 1210 475 1234 vont
493 1210 571 1236 tous
589 1204 610 1235 à
630 1211 798 1252 prouver,
825 1217 894 1253 que
909 1215 1004 1249 cette
1017 1212 1127 1261 Indif-

302 1257 454 1299 ference,
481 1259 621 1288 comme
634 1253 671 1301 je
687 1252 784 1292 viens
802 1256 845 1295 de
864 1259 956 1305 dire,
982 1262 1034 1299 eſt
1057 1273 1127 1301 une

310 1305 463 1337 chimère
487 1306 546 1337 des
570 1301 644 1351 plus
668 1302 892 1357 impoſſibles;
916 1308 956 1348 &
976 1321 1018 1347 ce
1042 1313 1126 1361 qu’il

308 1362 332 1396 y
350 1363 369 1386 a
387 1356 430 1388 de
450 1354 611 1407 curieux ,
621 1354 703 1393 c’eſt
724 1352 804 1405 qu’il
817 1370 953 1411 appuye
963 1369 1031 1399 une
1047 1373 1123 1412 par-

309 1405 356 1429 tie
374 1406 418 1431 de
446 1405 507 1434 ſon
530 1404 709 1440 ſentiment
736 1399 790 1439 ſur
817 1405 905 1445 celui
922 1403 970 1445 du
984 1405 1123 1450 fameux

1037 1461 1125 1512 Bay-

347 1503 422 1539 (a)
441 1506 485 1543 V.
508 1507 615 1545 Wolf.
640 1504 752 1546 Coſm.
774 1508 807 1551 §.
833 1517 907 1554 105.

345 1555 422 1589 (b)
445 1556 489 1586 V.
513 1554 647 1592 Theod.
668 1553 699 1598 §.
719 1558 796 1599 367.

343 1589 418 1623 (a)
440 1587 481 1623 V.
506 1589 546 1624 Sa
571 1588 708 1627 Theod.
738 1589 770 1633 §.
802 1600 859 1636 35.
880 1595 936 1633 46.
966 1597 1022 1636 48.
1047 1605 1122 1641 132.

308 1629 379 1674 175.
400 1628 478 1675 176.
510 1640 584 1675 232.
613 1643 688 1677 302.
718 1643 795 1679 303.
827 1645 905 1682 312.
936 1644 1017 1685 313.
1042 1645 1123 1686 318.

306 1687 382 1723 320.
400 1685 478 1726 324.
498 1683 575 1727 365,
595 1688 671 1730 367.
693 1688 771 1728 369.
