<PcGts xmlns="http://schema.primaresearch.org/PAGE/gts/pagecontent/2019-07-15" xmlns:xsi="http://www.w3.org/2001/XMLSchema-instance" pcGtsId="PAGE_01" xsi:schemaLocation="http://schema.primaresearch.org/PAGE/gts/pagecontent/2019-07-15 http://schema.primaresearch.org/PAGE/gts/pagecontent/2019-07-15/pagecontent.xsd">
  <Metadata>
    <Creator>OCR-D DFG Phase III</Creator>
    <Created>2024-01-19T13:09:25Z</Created>
    <LastChange>2024-01-19T13:09:25Z</LastChange>
    <Comments>ODEM: OCR-D extension for mass digitization (2021-2024)</Comments>
  </Metadata>
  <Page imageFilename="MAX/urn+nbn+de+gbv+3+1-711786-p0255-9_fre.png" imageWidth="1941" imageHeight="2835" type="content" primaryLanguage="French">
    <Border>
      <Coords points="110,198 97,2757 1682,2775 1689,203"/>
    </Border>
    <ReadingOrder>
      <OrderedGroup id="ro_1669367578597" caption="Regions reading order">
        <RegionRefIndexed index="0" regionRef="region0001"/>
        <RegionRefIndexed index="1" regionRef="region0003"/>
      </OrderedGroup>
    </ReadingOrder>
    <TextRegion orientation="0.3486471" readingDirection="left-to-right" id="region0001" custom="readingOrder {index:0;}">
      <Coords points="322,454 1360,454 1360,1959 322,1959"/>
      <TextLine id="region0001_line0001" custom="readingOrder {index:0;}">
        <Coords points="363,455 322,458 322,497 326,507 362,510 634,505 642,514 656,514 667,504 700,503 1049,505 1245,511 1359,511 1359,467 1324,467 1318,457 1301,459 1297,468 1249,468 1198,468 1196,460 1192,457 1176,458 1169,466 1167,459 1158,455 1146,456 1137,465 1122,465 1114,454 1077,454 1071,462 1007,463 997,461 994,454 963,454 959,461 938,460 935,454 916,454 913,461 773,463 770,454 751,454 748,462 730,463 725,459 716,459 711,463 687,463 685,455 662,454 655,462 650,462 633,454 571,454 555,464 434,468 433,459 428,454"/>
        <Baseline points="323,498 911,493 1359,501"/>
        <Word id="region0001_line0001_word0000" custom="readingOrder {index:0;}">
          <Coords points="379,464 379,498 568,497 568,463 556,463 555,464 434,468 433,463"/>
          <TextEquiv conf="0.93304944">
            <Unicode>Comment</Unicode>
          </TextEquiv>
        </Word>
        <Word id="region0001_line0001_word0001" custom="readingOrder {index:1;} textStyle {offset:0; length:12;italic:true; fontSize:0.0; kerning:0;}">
          <Coords points="586,460 586,505 666,505 667,504 700,503 814,504 814,462 773,463 772,459 749,459 748,462 730,463 725,459 715,459 711,463 687,463 686,460 657,460 655,462 650,462 645,460"/>
          <TextEquiv conf="0.8865177">
            <Unicode>Desfontaines</Unicode>
          </TextEquiv>
        </Word>
        <Word id="region0001_line0001_word0002" custom="readingOrder {index:2;}">
          <Coords points="914,459 913,461 836,462 836,494 991,493 991,459 960,459 959,461 938,460 938,459"/>
          <TextEquiv conf="0.96684664">
            <Unicode>aurait-il</Unicode>
          </TextEquiv>
        </Word>
        <Word id="region0001_line0001_word0003" custom="readingOrder {index:3;}">
          <Coords points="1015,472 1057,472 1057,494 1015,494"/>
          <TextEquiv conf="0.9330376">
            <Unicode>eu</Unicode>
          </TextEquiv>
        </Word>
        <Word id="region0001_line0001_word0004" custom="readingOrder {index:4;}">
          <Coords points="1080,459 1080,495 1277,494 1277,468 1249,468 1198,468 1196,460 1193,458 1175,458 1169,466 1167,459 1166,458 1143,458 1137,465 1122,465 1117,458"/>
          <TextEquiv>
            <Unicode>l’inſolence</Unicode>
          </TextEquiv>
        </Word>
        <Word id="region0001_line0001_word0005" custom="readingOrder {index:5;}">
          <Coords points="1309,458 1301,459 1297,468 1296,468 1296,492 1338,492 1338,467 1324,467 1318,458"/>
          <TextEquiv conf="0.9696484">
            <Unicode>de</Unicode>
          </TextEquiv>
        </Word>
        <TextEquiv>
          <Unicode>Comment Desfontaines aurait-il eu l’inſolence de</Unicode>
        </TextEquiv>
      </TextLine>
      <TextLine id="region0001_line0002" custom="readingOrder {index:1;}">
        <Coords points="534,509 528,513 524,510 514,510 510,513 495,511 488,515 486,522 448,524 371,524 365,513 352,512 347,516 345,523 322,523 323,566 464,565 572,559 1067,561 1073,566 1098,561 1234,564 1265,571 1277,577 1288,577 1297,571 1360,568 1359,527 1342,527 1341,519 1336,514 1324,515 1318,526 1281,526 1274,525 1267,515 1250,515 1243,521 1173,521 1166,511 1154,511 1148,520 1122,520 1120,512 1112,507 1100,507 1097,511 1097,520 1094,521 1043,520 1041,513 1034,508 1022,510 1018,520 979,520 907,516 821,519 819,512 814,508 799,510 795,519 781,519 780,512 775,507 763,509 758,518 699,519 697,512 692,508 679,509 674,519 555,520 551,511"/>
        <Baseline points="322,555 899,549 1359,558"/>
        <Word id="region0001_line0002_word0000" custom="readingOrder {index:0;}">
          <Coords points="348,515 347,516 345,523 327,523 327,550 402,550 402,524 371,524 366,515"/>
          <TextEquiv conf="0.96372604">
            <Unicode>nier</Unicode>
          </TextEquiv>
        </Word>
        <Word id="region0001_line0002_word0001" custom="readingOrder {index:1;}">
          <Coords points="422,529 470,529 470,550 422,550"/>
          <TextEquiv conf="0.93292475">
            <Unicode>un</Unicode>
          </TextEquiv>
        </Word>
        <Word id="region0001_line0002_word0002" custom="readingOrder {index:2;}">
          <Coords points="489,513 488,515 486,522 483,522 483,549 629,548 629,519 555,520 552,513"/>
          <TextEquiv>
            <Unicode>déſaveu</Unicode>
          </TextEquiv>
        </Word>
        <Word id="region0001_line0002_word0003" custom="readingOrder {index:3;}">
          <Coords points="677,512 674,519 644,519 644,548 778,547 778,512 761,512 758,518 699,519 697,512"/>
          <TextEquiv conf="0.90766054">
            <Unicode>minuté</Unicode>
          </TextEquiv>
        </Word>
        <Word id="region0001_line0002_word0004" custom="readingOrder {index:4;}">
          <Coords points="797,513 795,519 793,519 793,548 835,548 835,518 821,519 819,513"/>
          <TextEquiv conf="0.9661224">
            <Unicode>de</Unicode>
          </TextEquiv>
        </Word>
        <Word id="region0001_line0002_word0005" custom="readingOrder {index:5;}">
          <Coords points="849,521 946,520 946,546 849,547"/>
          <TextEquiv conf="0.9663985">
            <Unicode>votre</Unicode>
          </TextEquiv>
        </Word>
        <Word id="word_1658129925830_2246" custom="readingOrder {index:6;}">
          <Coords points="966,519 1025,509 1035,509 1062,520 1082,537 1082,550 1075,550 966,546"/>
          <TextEquiv>
            <Unicode>main,</Unicode>
          </TextEquiv>
        </Word>
        <Word id="region0001_line0002_word0008" custom="readingOrder {index:7;}">
          <Coords points="1100,507 1099,508 1099,544 1182,544 1182,521 1173,521 1166,511 1154,511 1148,520 1122,520 1120,512 1112,507"/>
          <TextEquiv conf="0.9351809">
            <Unicode>écrit</Unicode>
          </TextEquiv>
        </Word>
        <Word id="region0001_line0002_word0009" custom="readingOrder {index:8;}">
          <Coords points="1202,544 1233,543 1233,521 1202,521"/>
          <TextEquiv conf="0.93227905">
            <Unicode>et</Unicode>
          </TextEquiv>
        </Word>
        <Word id="region0001_line0002_word0010" custom="readingOrder {index:9;}">
          <Coords points="1246,555 1338,555 1338,516 1336,514 1324,515 1318,526 1281,526 1274,525 1267,515 1250,515 1246,518"/>
          <TextEquiv>
            <Unicode>ſigné</Unicode>
          </TextEquiv>
        </Word>
        <TextEquiv>
          <Unicode>nier un déſaveu minuté de votre main, écrit et ſigné</Unicode>
        </TextEquiv>
      </TextLine>
      <TextLine id="region0001_line0003" custom="readingOrder {index:2;}">
        <Coords points="669,565 664,569 660,566 647,566 640,576 467,577 465,571 459,567 446,567 434,577 421,577 408,576 402,569 392,569 386,571 381,578 364,580 359,580 354,570 342,569 333,573 331,581 323,581 323,621 546,618 556,619 561,623 570,622 575,618 672,619 678,629 697,629 703,619 736,618 828,621 843,631 865,626 869,622 893,621 1062,621 1064,626 1070,630 1083,630 1090,626 1093,620 1204,619 1333,624 1359,624 1360,621 1360,583 1258,579 1246,577 1245,569 1240,566 1223,565 1186,565 1183,575 1174,577 1153,577 1151,571 1144,566 1121,567 1115,571 1113,578 1039,578 1035,568 1024,567 1018,569 1013,578 992,578 988,569 972,568 968,571 966,579 942,579 940,570 931,564 906,564 899,569 895,578 768,578 765,568 761,565 736,565 726,578 711,578 685,577 680,566"/>
        <Baseline points="323,612 1208,608 1360,614"/>
        <Word id="region0001_line0003_word0000" custom="readingOrder {index:0;}">
          <Coords points="331,578 331,581 328,581 328,612 371,612 371,579 364,580 359,580 358,578"/>
          <TextEquiv conf="0.9694726">
            <Unicode>de</Unicode>
          </TextEquiv>
        </Word>
        <Word id="region0001_line0003_word0001" custom="readingOrder {index:1;}">
          <Coords points="390,578 423,577 423,610 390,611"/>
          <TextEquiv conf="0.9330283">
            <Unicode>la</Unicode>
          </TextEquiv>
        </Word>
        <Word id="region0001_line0003_word0002" custom="readingOrder {index:2;}">
          <Coords points="438,575 438,614 570,613 570,576 467,577 466,574"/>
          <TextEquiv>
            <Unicode>ſienne,</Unicode>
          </TextEquiv>
        </Word>
        <Word id="region0001_line0003_word0003" custom="readingOrder {index:3;}">
          <Coords points="588,581 620,581 620,608 588,608"/>
          <TextEquiv conf="0.93298036">
            <Unicode>et</Unicode>
          </TextEquiv>
        </Word>
        <Word id="region0001_line0003_word0004" custom="readingOrder {index:4;}">
          <Coords points="642,571 640,576 638,576 638,618 657,618 726,618 736,618 741,618 763,618 763,571 731,571 726,578 711,578 685,577 682,571"/>
          <TextEquiv>
            <Unicode>dépoſé</Unicode>
          </TextEquiv>
        </Word>
        <Word id="region0001_line0003_word0005" custom="readingOrder {index:5;}">
          <Coords points="783,584 827,584 827,607 783,607"/>
          <TextEquiv conf="0.966834">
            <Unicode>au</Unicode>
          </TextEquiv>
        </Word>
        <Word id="region0001_line0003_word0006" custom="readingOrder {index:6;}">
          <Coords points="898,569 895,578 842,578 842,619 945,618 945,579 942,579 940,570 938,569"/>
          <TextEquiv conf="0.96599615">
            <Unicode>greffe</Unicode>
          </TextEquiv>
        </Word>
        <Word id="region0001_line0003_word0007" custom="readingOrder {index:7;}">
          <Coords points="967,573 966,579 964,579 964,607 1006,607 1006,578 992,578 989,573"/>
          <TextEquiv conf="0.9655061">
            <Unicode>de</Unicode>
          </TextEquiv>
        </Word>
        <Word id="region0001_line0003_word0008" custom="readingOrder {index:8;}">
          <Coords points="1023,571 1023,606 1056,606 1056,578 1039,578 1036,571"/>
          <TextEquiv conf="0.9655061">
            <Unicode>la</Unicode>
          </TextEquiv>
        </Word>
        <Word id="word_1658129968957_2283" custom="readingOrder {index:9;}">
          <Coords points="1072,578 1118,569 1207,565 1227,565 1227,619 1207,619 1072,617"/>
          <TextEquiv>
            <Unicode>police?</Unicode>
          </TextEquiv>
        </Word>
        <Word id="region0001_line0003_word0011" custom="readingOrder {index:10;}">
          <Coords points="1239,583 1339,583 1339,605 1239,605"/>
          <TextEquiv conf="0.9298446">
            <Unicode>com-</Unicode>
          </TextEquiv>
        </Word>
        <TextEquiv>
          <Unicode>de la ſienne, et dépoſé au greffe de la police? com-</Unicode>
        </TextEquiv>
      </TextLine>
      <TextLine id="region0001_line0004" custom="readingOrder {index:3;}">
        <Coords points="485,621 478,625 473,633 413,630 322,635 322,676 460,674 576,677 718,677 806,680 811,684 820,684 825,680 1169,679 1174,683 1203,678 1359,679 1357,637 1282,636 1274,633 1133,638 1126,626 1091,626 1081,631 1077,637 1057,638 1055,630 1047,625 1030,628 1024,638 988,639 984,639 981,630 975,626 962,626 951,637 874,637 872,630 867,626 849,632 848,637 820,636 816,633 803,633 799,636 675,635 673,626 668,622 654,624 650,635 623,632 616,623 601,622 589,624 585,631 572,631 566,631 559,622 546,623 538,633 506,633 502,623"/>
        <Baseline points="322,666 1359,668"/>
        <Word id="region0001_line0004_word0000" custom="readingOrder {index:0;}">
          <Coords points="328,636 425,635 425,662 328,663"/>
          <TextEquiv conf="0.9329968">
            <Unicode>ment</Unicode>
          </TextEquiv>
        </Word>
        <Word id="region0001_line0004_word0001" custom="readingOrder {index:1;}">
          <Coords points="476,626 473,633 455,632 455,666 618,665 618,626 587,626 585,631 572,631 566,631 562,626 543,626 538,633 506,633 503,626"/>
          <TextEquiv>
            <Unicode>oſerait-il</Unicode>
          </TextEquiv>
        </Word>
        <Word id="region0001_line0004_word0002" custom="readingOrder {index:2;}">
          <Coords points="653,624 650,635 642,634 642,667 820,666 820,636 816,633 803,633 799,636 675,635 673,626 671,624"/>
          <TextEquiv>
            <Unicode>s’avouer,</Unicode>
          </TextEquiv>
        </Word>
        <Word id="region0001_line0004_word0003" custom="readingOrder {index:3;}">
          <Coords points="846,662 932,661 932,637 874,637 872,630 867,626 849,632 848,637 846,636"/>
          <TextEquiv conf="0.9601484">
            <Unicode>dans</Unicode>
          </TextEquiv>
        </Word>
        <Word id="region0001_line0004_word0004" custom="readingOrder {index:4;}">
          <Coords points="956,661 1003,661 1003,638 988,639 984,639 981,630 975,626 962,626 956,632"/>
          <TextEquiv>
            <Unicode>ſes</Unicode>
          </TextEquiv>
        </Word>
        <Word id="region0001_line0004_word0005" custom="readingOrder {index:5;}">
          <Coords points="1031,664 1184,663 1184,636 1133,638 1126,626 1091,626 1081,631 1077,637 1057,638 1055,630 1047,625 1031,627"/>
          <TextEquiv conf="0.9609922">
            <Unicode>feuilles,</Unicode>
          </TextEquiv>
        </Word>
        <Word id="region0001_line0004_word0006" custom="readingOrder {index:6;}">
          <Coords points="1219,659 1341,658 1341,636 1282,636 1274,633 1219,634"/>
          <TextEquiv conf="0.9653234">
            <Unicode>auteur</Unicode>
          </TextEquiv>
        </Word>
        <TextEquiv>
          <Unicode>ment oſerait-il s’avouer, dans ſes feuilles, auteur</Unicode>
        </TextEquiv>
      </TextLine>
      <TextLine id="region0001_line0005" custom="readingOrder {index:4;}">
        <Coords points="350,679 337,681 330,691 322,692 323,733 471,733 786,740 1106,740 1109,748 1128,750 1137,740 1156,739 1360,737 1359,695 1276,693 1269,683 1244,683 1238,692 1218,695 1203,695 1201,688 1196,684 1183,685 1177,691 1170,684 1161,684 1153,689 1151,696 1132,697 1059,696 1049,685 1036,685 1025,696 998,698 993,687 983,686 965,688 960,698 937,698 935,688 929,684 903,683 893,691 890,698 810,698 805,697 803,689 797,685 783,685 772,694 737,693 721,693 709,681 693,682 686,693 653,695 623,693 621,686 616,682 601,682 591,692 575,692 573,684 567,681 555,682 550,693 529,692 525,682 509,680 493,682 489,691 474,691 464,679 424,680 418,689 370,691 365,681"/>
        <Baseline points="322,724 924,731 1360,727"/>
        <Word id="region0001_line0005_word0000" custom="readingOrder {index:0;}">
          <Coords points="331,688 330,691 328,691 328,725 412,724 412,689 370,691 368,688"/>
          <TextEquiv conf="0.8966678">
            <Unicode>d'un</Unicode>
          </TextEquiv>
        </Word>
        <Word id="region0001_line0005_word0001" custom="readingOrder {index:1;}">
          <Coords points="427,689 427,725 543,725 543,692 529,692 527,689 489,689 489,691 474,691 472,689"/>
          <TextEquiv conf="0.8316526">
            <Unicode>libelle</Unicode>
          </TextEquiv>
        </Word>
        <Word id="region0001_line0005_word0002" custom="readingOrder {index:2;}">
          <Coords points="558,686 558,726 712,725 712,685 691,685 686,693 653,695 623,693 621,686 620,686 597,686 591,692 575,692 573,686"/>
          <TextEquiv conf="0.45921284">
            <Unicode>infame?</Unicode>
          </TextEquiv>
        </Word>
        <Word id="region0001_line0005_word0003" custom="readingOrder {index:3;}">
          <Coords points="731,696 762,695 762,723 731,724"/>
          <TextEquiv conf="0.96334857">
            <Unicode>et</Unicode>
          </TextEquiv>
        </Word>
        <Word id="region0001_line0005_word0004" custom="readingOrder {index:4;}">
          <Coords points="780,687 778,689 778,723 801,723 801,687 800,687"/>
          <TextEquiv>
            <Unicode>ſi</Unicode>
          </TextEquiv>
        </Word>
        <Word id="region0001_line0005_word0005" custom="readingOrder {index:5;}">
          <Coords points="817,701 859,701 859,723 817,723"/>
          <TextEquiv conf="0.9649136">
            <Unicode>en</Unicode>
          </TextEquiv>
        </Word>
        <Word id="region0001_line0005_word0006" custom="readingOrder {index:6;}">
          <Coords points="900,684 893,691 890,698 878,698 878,724 956,723 956,698 937,698 935,688 929,684"/>
          <TextEquiv conf="0.9491173">
            <Unicode>effet</Unicode>
          </TextEquiv>
        </Word>
        <Word id="region0001_line0005_word0007" custom="readingOrder {index:7;}">
          <Coords points="974,687 969,687 969,722 994,722 994,689 993,687"/>
          <TextEquiv conf="0.8993391">
            <Unicode>il</Unicode>
          </TextEquiv>
        </Word>
        <Word id="region0001_line0005_word0008" custom="readingOrder {index:8;}">
          <Coords points="1036,685 1025,696 1012,696 1012,721 1057,721 1057,693 1049,685"/>
          <TextEquiv>
            <Unicode>eſt</Unicode>
          </TextEquiv>
        </Word>
        <Word id="region0001_line0005_word0009" custom="readingOrder {index:9;}">
          <Coords points="1076,732 1218,732 1217,695 1203,695 1201,688 1196,684 1183,685 1177,691 1170,684 1161,684 1153,689 1151,696 1132,697 1075,696"/>
          <TextEquiv conf="0.95354784">
            <Unicode>capable</Unicode>
          </TextEquiv>
        </Word>
        <Word id="region0001_line0005_word0010" custom="readingOrder {index:10;}">
          <Coords points="1244,683 1238,692 1236,692 1236,719 1341,719 1341,694 1276,693 1269,683"/>
          <TextEquiv conf="0.6859257">
            <Unicode>d’une</Unicode>
          </TextEquiv>
        </Word>
        <TextEquiv>
          <Unicode>d'un libelle infame? et ſi en effet il eſt capable d’une</Unicode>
        </TextEquiv>
      </TextLine>
      <TextLine id="region0001_line0006" custom="readingOrder {index:5;}">
        <Coords points="412,737 403,750 323,750 322,805 352,804 356,801 358,792 396,792 529,795 532,802 548,804 559,801 561,796 664,800 668,803 710,799 876,800 879,807 892,806 901,808 907,798 1359,796 1360,788 1360,753 1246,754 1242,744 1225,743 1215,744 1209,756 1201,756 1199,748 1195,745 1180,746 1176,749 1174,757 1172,749 1167,745 1153,745 1147,748 1136,745 1128,751 1108,749 1105,756 1093,755 1086,745 1062,746 1056,750 1054,756 1033,755 1026,746 1014,747 1008,757 871,755 797,757 645,755 643,747 638,743 626,744 618,753 589,752 582,750 574,741 560,743 556,752 463,750 457,749 449,738 437,740"/>
        <Baseline points="322,790 438,782 667,790 1360,787"/>
        <Word id="region0001_line0006_word0000" custom="readingOrder {index:0;}">
          <Coords points="408,742 403,750 328,750 328,791 470,790 470,750 463,750 457,749 452,742"/>
          <TextEquiv conf="0.9329599">
            <Unicode>pareille</Unicode>
          </TextEquiv>
        </Word>
        <Word id="region0001_line0006_word0001" custom="readingOrder {index:1;}">
          <Coords points="562,742 560,743 556,752 485,750 485,791 678,790 678,755 645,755 643,747 638,743 626,744 618,753 589,752 582,750 575,742"/>
          <TextEquiv conf="0.79091966">
            <Unicode>turpitude,</Unicode>
          </TextEquiv>
        </Word>
        <Word id="region0001_line0006_word0002" custom="readingOrder {index:2;}">
          <Coords points="694,777 874,776 874,755 871,755 797,757 694,755"/>
          <TextEquiv conf="0.96019167">
            <Unicode>comment</Unicode>
          </TextEquiv>
        </Word>
        <Word id="region0001_line0006_word0003" custom="readingOrder {index:3;}">
          <Coords points="886,788 1088,786 1088,747 1086,745 1062,746 1056,750 1054,756 1033,755 1026,746 1014,747 1008,757 886,755"/>
          <TextEquiv conf="0.9330288">
            <Unicode>pourrait-il</Unicode>
          </TextEquiv>
        </Word>
        <Word id="region0001_line0006_word0004" custom="readingOrder {index:4;}">
          <Coords points="1103,777 1259,776 1259,753 1246,754 1242,744 1225,743 1215,744 1209,756 1201,756 1199,748 1195,745 1180,746 1176,749 1174,757 1172,749 1167,745 1153,745 1147,748 1136,745 1128,751 1108,749 1105,756 1103,755"/>
          <TextEquiv>
            <Unicode>déſobéir</Unicode>
          </TextEquiv>
        </Word>
        <Word id="region0001_line0006_word0005" custom="readingOrder {index:5;}">
          <Coords points="1273,774 1342,774 1342,753 1273,753"/>
          <TextEquiv conf="0.9696475">
            <Unicode>aux</Unicode>
          </TextEquiv>
        </Word>
        <TextEquiv>
          <Unicode>pareille turpitude, comment pourrait-il déſobéir aux</Unicode>
        </TextEquiv>
      </TextLine>
      <TextLine id="region0001_line0007" custom="readingOrder {index:6;}">
        <Coords points="384,796 375,800 373,808 322,809 322,850 393,850 503,855 567,855 585,857 764,855 770,861 780,861 785,856 1167,858 1359,855 1359,812 1236,814 1228,804 1191,804 1185,808 1183,815 1169,816 1159,815 1157,809 1150,804 1138,804 1131,807 1127,815 1091,816 1089,807 1083,803 1069,803 1058,815 982,815 980,808 975,804 961,806 957,814 902,814 900,808 892,807 880,808 877,814 801,814 780,810 754,810 748,805 734,805 728,814 722,815 678,815 676,808 671,804 618,801 558,802 548,805 514,803 499,811 491,799 479,799 470,809 399,808 394,797"/>
        <Baseline points="322,840 617,847 1359,845"/>
        <Word id="region0001_line0007_word0000" custom="readingOrder {index:0;}">
          <Coords points="374,801 373,808 329,808 329,839 446,838 446,808 399,808 396,801"/>
          <TextEquiv conf="0.96575814">
            <Unicode>ordres</Unicode>
          </TextEquiv>
        </Word>
        <Word id="region0001_line0007_word0001" custom="readingOrder {index:1;}">
          <Coords points="475,803 470,809 469,809 469,840 511,840 511,805 499,811 494,803"/>
          <TextEquiv conf="0.9565052">
            <Unicode>de</Unicode>
          </TextEquiv>
        </Word>
        <Word id="region0001_line0007_word0002" custom="readingOrder {index:2;}">
          <Coords points="540,805 540,840 593,839 593,804 549,805 548,805 546,805"/>
          <TextEquiv conf="0.9442643">
            <Unicode>M.</Unicode>
          </TextEquiv>
        </Word>
        <Word id="region0001_line0007_word0003" custom="readingOrder {index:3;} textStyle {offset:0; length:8;italic:true; fontSize:0.0; kerning:0;}">
          <Coords points="613,804 613,843 780,842 780,810 754,810 748,805 734,805 728,814 722,815 678,815 676,808 671,804 665,803"/>
          <TextEquiv conf="0.57927924">
            <Unicode>Hérault,</Unicode>
          </TextEquiv>
        </Word>
        <Word id="region0001_line0007_word0004" custom="readingOrder {index:4;}">
          <Coords points="806,835 838,835 838,814 806,814"/>
          <TextEquiv conf="0.96806777">
            <Unicode>et</Unicode>
          </TextEquiv>
        </Word>
        <Word id="region0001_line0007_word0005" custom="readingOrder {index:5;}">
          <Coords points="859,835 934,834 934,814 902,814 900,808 892,807 880,808 877,814 859,814"/>
          <TextEquiv conf="0.9624062">
            <Unicode>nier</Unicode>
          </TextEquiv>
        </Word>
        <Word id="region0001_line0007_word0006" custom="readingOrder {index:6;}">
          <Coords points="954,834 1039,834 1039,815 982,815 980,808 975,804 961,806 957,814 954,814"/>
          <TextEquiv conf="0.9615999">
            <Unicode>dans</Unicode>
          </TextEquiv>
        </Word>
        <Word id="region0001_line0007_word0007" custom="readingOrder {index:7;}">
          <Coords points="1064,835 1112,835 1112,815 1091,816 1089,807 1083,803 1069,803 1064,808"/>
          <TextEquiv>
            <Unicode>ſes</Unicode>
          </TextEquiv>
        </Word>
        <Word id="region0001_line0007_word0008" custom="readingOrder {index:8;}">
          <Coords points="1132,835 1265,834 1265,813 1236,814 1228,804 1191,804 1185,808 1183,815 1169,816 1159,815 1157,809 1150,804 1138,804 1132,806"/>
          <TextEquiv conf="0.96666247">
            <Unicode>feuilles</Unicode>
          </TextEquiv>
        </Word>
        <Word id="region0001_line0007_word0009" custom="readingOrder {index:9;}">
          <Coords points="1292,831 1343,831 1343,812 1292,813"/>
          <TextEquiv conf="0.9632599">
            <Unicode>un</Unicode>
          </TextEquiv>
        </Word>
        <TextEquiv>
          <Unicode>ordres de M. Hérault, et nier dans ſes feuilles un</Unicode>
        </TextEquiv>
      </TextLine>
      <TextLine id="region0001_line0008" custom="readingOrder {index:7;}">
        <Coords points="363,853 356,858 352,855 339,855 332,860 330,866 322,866 323,908 415,908 491,913 493,921 498,925 516,924 523,914 724,913 777,915 1077,913 1082,925 1095,926 1104,913 1263,913 1267,910 1269,902 1322,898 1327,893 1326,865 1321,860 1313,859 1237,859 1230,871 1218,873 1192,873 1190,865 1185,861 1159,862 1150,872 1134,872 1132,865 1127,861 1115,862 1109,871 1093,871 1084,862 1071,860 1057,862 1051,871 1036,871 1029,870 1021,860 1009,862 1004,872 920,871 918,864 913,860 898,863 893,872 846,872 844,865 838,861 828,861 821,870 818,870 806,867 800,861 789,861 782,866 774,866 769,862 755,862 750,856 736,856 732,872 697,871 690,861 637,860 565,862 545,870 529,871 402,867 400,859 395,855 383,854 376,857 371,853"/>
        <Baseline points="323,899 1222,904 1327,889"/>
        <Word id="region0001_line0008_word0000" custom="readingOrder {index:0;}">
          <Coords points="332,860 332,860 330,866 331,898 477,897 476,869 402,867 400,860"/>
          <TextEquiv>
            <Unicode>déſaveu</Unicode>
          </TextEquiv>
        </Word>
        <Word id="region0001_line0008_word0001" custom="readingOrder {index:1;}">
          <Coords points="489,871 558,871 559,911 490,911"/>
          <TextEquiv conf="0.9692802">
            <Unicode>que</Unicode>
          </TextEquiv>
        </Word>
        <Word id="region0001_line0008_word0002" custom="readingOrder {index:2;}">
          <Coords points="568,864 621,863 622,898 569,899"/>
          <TextEquiv conf="0.9623987">
            <Unicode>M.</Unicode>
          </TextEquiv>
        </Word>
        <Word id="region0001_line0008_word0003" custom="readingOrder {index:3;} textStyle {offset:0; length:7;italic:true; fontSize:0.0; kerning:0;}">
          <Coords points="735,856 732,872 697,871 690,861 637,860 633,860 634,898 781,897 780,866 774,866 769,862 755,862 750,856"/>
          <TextEquiv conf="0.9642734">
            <Unicode>Hérault</Unicode>
          </TextEquiv>
        </Word>
        <Word id="region0001_line0008_word0004" custom="readingOrder {index:4;}">
          <Coords points="791,896 841,896 840,862 838,861 828,861 821,870 818,870 806,867 800,861 790,861"/>
          <TextEquiv conf="0.9325785">
            <Unicode>lui</Unicode>
          </TextEquiv>
        </Word>
        <Word id="region0001_line0008_word0005" custom="readingOrder {index:5;}">
          <Coords points="852,896 1040,895 1039,871 1036,871 1029,870 1021,860 1009,862 1004,872 920,871 918,864 913,860 898,863 893,872 851,872"/>
          <TextEquiv conf="0.92542785">
            <Unicode>ordonnait</Unicode>
          </TextEquiv>
        </Word>
        <Word id="region0001_line0008_word0006" custom="readingOrder {index:6;}">
          <Coords points="1050,907 1108,906 1107,871 1093,871 1084,862 1071,860 1057,862 1051,871 1049,871"/>
          <TextEquiv conf="0.84172744">
            <Unicode>d’y</Unicode>
          </TextEquiv>
        </Word>
        <Word id="word_1658130064577_2335" custom="readingOrder {index:7;}">
          <Coords points="1118,861 1237,859 1265,859 1266,859 1267,909 1252,909 1119,895"/>
          <TextEquiv>
            <Unicode>inférer?</Unicode>
          </TextEquiv>
        </Word>
        <TextEquiv>
          <Unicode>déſaveu que M. Hérault lui ordonnait d’y inférer?</Unicode>
        </TextEquiv>
      </TextLine>
      <TextLine id="region0001_line0009" custom="readingOrder {index:8;}">
        <Coords points="342,913 323,915 323,952 325,962 330,967 429,966 480,970 772,974 891,974 906,974 911,978 952,974 1114,973 1116,982 1124,986 1180,986 1190,984 1194,972 1359,971 1360,955 1360,930 1235,929 1233,922 1228,918 1211,920 1202,931 1189,931 1187,923 1181,918 1160,918 1154,923 1152,931 1061,932 1059,925 1052,920 1039,920 1033,923 1027,932 1002,931 997,924 985,921 909,921 896,931 888,932 884,924 878,920 867,921 861,930 852,929 842,920 780,919 776,916 764,917 759,929 613,929 560,926 554,916 541,915 531,929 519,929 423,925 421,916 413,912"/>
        <Baseline points="325,957 1121,963 1149,971 1200,962 1360,962"/>
        <Word id="region0001_line0009_word0000" custom="readingOrder {index:0;}">
          <Coords points="382,921 416,920 416,955 382,956"/>
          <TextEquiv conf="0.96613294">
            <Unicode>Si</Unicode>
          </TextEquiv>
        </Word>
        <Word id="region0001_line0009_word0001" custom="readingOrder {index:1;}">
          <Coords points="433,934 523,934 523,956 433,956"/>
          <TextEquiv conf="0.96956927">
            <Unicode>vous</Unicode>
          </TextEquiv>
        </Word>
        <Word id="region0001_line0009_word0002" custom="readingOrder {index:2;}">
          <Coords points="538,917 537,920 537,956 606,955 606,928 560,926 555,917"/>
          <TextEquiv conf="0.96979314">
            <Unicode>êtes</Unicode>
          </TextEquiv>
        </Word>
        <Word id="region0001_line0009_word0003" custom="readingOrder {index:3;}">
          <Coords points="621,930 746,929 746,954 621,955"/>
          <TextEquiv conf="0.9660225">
            <Unicode>encore</Unicode>
          </TextEquiv>
        </Word>
        <Word id="region0001_line0009_word0004" custom="readingOrder {index:4;}">
          <Coords points="764,954 785,954 785,919 780,919 776,916 764,917"/>
          <TextEquiv conf="0.97020066">
            <Unicode>à</Unicode>
          </TextEquiv>
        </Word>
        <Word id="word_1658130076401_2342" custom="readingOrder {index:5;}">
          <Coords points="801,920 878,920 897,930 921,947 921,960 919,960 801,956"/>
          <TextEquiv>
            <Unicode>Paris,</Unicode>
          </TextEquiv>
        </Word>
        <Word id="region0001_line0009_word0007" custom="readingOrder {index:6;}">
          <Coords points="938,959 1135,958 1135,931 1061,932 1059,925 1052,920 1039,920 1033,923 1027,932 1002,931 997,924 985,921 938,921"/>
          <TextEquiv>
            <Unicode>Monſieur,</Unicode>
          </TextEquiv>
        </Word>
        <Word id="region0001_line0009_word0008" custom="readingOrder {index:7;}">
          <Coords points="1154,964 1239,963 1239,929 1235,929 1233,922 1228,918 1211,920 1202,931 1189,931 1187,923 1181,918 1160,918 1154,923"/>
          <TextEquiv>
            <Unicode>j'oſe</Unicode>
          </TextEquiv>
        </Word>
        <Word id="region0001_line0009_word0009" custom="readingOrder {index:8;}">
          <Coords points="1254,950 1351,950 1351,929 1254,929"/>
          <TextEquiv conf="0.9424796">
            <Unicode>vous</Unicode>
          </TextEquiv>
        </Word>
        <TextEquiv>
          <Unicode>Si vous êtes encore à Paris, Monſieur, j'oſe vous</Unicode>
        </TextEquiv>
      </TextLine>
      <TextLine id="region0001_line0010" custom="readingOrder {index:9;}">
        <Coords points="322,971 322,1027 357,1026 359,1033 364,1035 412,1034 414,1028 419,1027 623,1033 880,1033 893,1023 893,994 888,989 640,989 638,982 632,977 608,978 601,988 542,988 539,980 533,975 510,976 504,980 502,986 450,986 448,978 443,974 417,973 410,983 358,983 349,971"/>
        <Baseline points="322,1017 893,1023"/>
        <Word id="region0001_line0010_word0000" custom="readingOrder {index:0;}">
          <Coords points="327,977 327,1026 482,1025 482,986 450,986 448,978 445,976 414,976 410,983 358,983 353,976"/>
          <TextEquiv>
            <Unicode>ſupplier</Unicode>
          </TextEquiv>
        </Word>
        <Word id="region0001_line0010_word0001" custom="readingOrder {index:1;}">
          <Coords points="505,978 504,980 502,986 500,986 500,1015 579,1014 579,988 542,988 539,980 537,978"/>
          <TextEquiv conf="0.8632292">
            <Unicode>d’en</Unicode>
          </TextEquiv>
        </Word>
        <Word id="region0001_line0010_word0002" custom="readingOrder {index:2;}">
          <Coords points="608,978 601,988 598,988 598,1015 671,1015 671,989 640,989 638,982 633,978"/>
          <TextEquiv conf="0.9671936">
            <Unicode>dire</Unicode>
          </TextEquiv>
        </Word>
        <Word id="region0001_line0010_word0003" custom="readingOrder {index:3;}">
          <Coords points="685,990 735,989 735,1012 685,1013"/>
          <TextEquiv conf="0.96293664">
            <Unicode>un</Unicode>
          </TextEquiv>
        </Word>
        <Word id="region0001_line0010_word0004" custom="readingOrder {index:4;}">
          <Coords points="754,1012 840,1012 840,989 754,989"/>
          <TextEquiv conf="0.8284316">
            <Unicode>mot.</Unicode>
          </TextEquiv>
        </Word>
        <TextEquiv>
          <Unicode>ſupplier d’en dire un mot.</Unicode>
        </TextEquiv>
      </TextLine>
      <TextLine id="region0001_line0011" custom="readingOrder {index:10;}">
        <Coords points="328,1034 323,1039 324,1068 330,1074 330,1093 333,1097 352,1095 360,1100 407,1098 425,1089 517,1092 835,1091 837,1098 842,1102 861,1101 867,1091 914,1089 1297,1090 1333,1094 1360,1093 1359,1048 1308,1048 1307,1039 1302,1034 1290,1035 1284,1048 1214,1048 1212,1040 1208,1037 1192,1039 1187,1048 1092,1048 1090,1040 1082,1035 1072,1036 1066,1048 806,1049 804,1042 796,1037 772,1038 761,1048 735,1048 730,1039 715,1038 710,1042 708,1049 690,1050 688,1042 682,1037 658,1038 652,1043 650,1050 628,1050 627,1043 622,1038 606,1039 601,1049 539,1049 537,1041 529,1036 516,1037 507,1047 475,1047 416,1045 412,1035"/>
        <Baseline points="330,1089 413,1080 1360,1083"/>
        <Word id="region0001_line0011_word0000" custom="readingOrder {index:0;}">
          <Coords points="371,1040 372,1088 416,1087 415,1042 413,1039"/>
          <TextEquiv conf="0.962687">
            <Unicode>Je</Unicode>
          </TextEquiv>
        </Word>
        <Word id="region0001_line0011_word0001" custom="readingOrder {index:1;}">
          <Coords points="438,1052 495,1052 496,1077 439,1077"/>
          <TextEquiv conf="0.9588407">
            <Unicode>me</Unicode>
          </TextEquiv>
        </Word>
        <Word id="region0001_line0011_word0002" custom="readingOrder {index:2;}">
          <Coords points="512,1041 512,1041 513,1078 578,1077 577,1049 539,1049 537,1041 536,1041"/>
          <TextEquiv>
            <Unicode>ſers</Unicode>
          </TextEquiv>
        </Word>
        <Word id="region0001_line0011_word0003" custom="readingOrder {index:3;}">
          <Coords points="604,1042 601,1049 599,1049 600,1077 643,1077 642,1050 628,1050 627,1043 626,1042"/>
          <TextEquiv conf="0.9330122">
            <Unicode>de</Unicode>
          </TextEquiv>
        </Word>
        <Word id="region0001_line0011_word0004" custom="readingOrder {index:4;}">
          <Coords points="660,1041 661,1077 810,1076 809,1048 806,1049 804,1042 800,1040 769,1040 761,1048 735,1048 730,1040 711,1040 710,1042 708,1049 690,1050 688,1042 686,1040"/>
          <TextEquiv>
            <Unicode>l’adreſſe</Unicode>
          </TextEquiv>
        </Word>
        <Word id="region0001_line0011_word0005" custom="readingOrder {index:5;}">
          <Coords points="833,1051 902,1050 903,1086 834,1087"/>
          <TextEquiv conf="0.96121216">
            <Unicode>que</Unicode>
          </TextEquiv>
        </Word>
        <Word id="region0001_line0011_word0006" custom="readingOrder {index:6;}">
          <Coords points="925,1050 1015,1050 1016,1073 926,1073"/>
          <TextEquiv conf="0.9608743">
            <Unicode>vous</Unicode>
          </TextEquiv>
        </Word>
        <Word id="region0001_line0011_word0007" custom="readingOrder {index:7;}">
          <Coords points="1074,1035 1072,1036 1066,1048 1038,1048 1039,1073 1169,1072 1168,1048 1092,1048 1090,1040 1083,1035"/>
          <TextEquiv conf="0.7562474">
            <Unicode>m'avez</Unicode>
          </TextEquiv>
        </Word>
        <Word id="region0001_line0011_word0008" custom="readingOrder {index:8;}">
          <Coords points="1299,1034 1290,1035 1284,1048 1214,1048 1212,1040 1208,1037 1192,1039 1187,1048 1186,1048 1187,1077 1344,1076 1343,1048 1308,1048 1307,1039 1302,1034"/>
          <TextEquiv>
            <Unicode>donnée,</Unicode>
          </TextEquiv>
        </Word>
        <TextEquiv>
          <Unicode>Je me ſers de l’adreſſe que vous m'avez donnée,</Unicode>
        </TextEquiv>
      </TextLine>
      <TextLine id="region0001_line0012" custom="readingOrder {index:11;}">
        <Coords points="701,1092 696,1097 694,1107 645,1107 638,1096 624,1097 618,1106 580,1104 573,1095 560,1097 554,1106 479,1107 471,1106 463,1095 451,1094 426,1095 420,1104 361,1104 352,1096 336,1097 332,1104 323,1105 322,1147 496,1150 718,1148 726,1159 740,1158 749,1149 1064,1149 1070,1159 1090,1159 1096,1150 1359,1149 1360,1108 1273,1107 1271,1099 1267,1096 1252,1097 1246,1106 1236,1098 1222,1097 1156,1098 1144,1105 1133,1107 1080,1107 1074,1095 1063,1095 1057,1101 1052,1097 1039,1097 1032,1107 1011,1108 889,1107 887,1099 883,1096 866,1098 862,1107 835,1107 833,1099 827,1095 815,1096 810,1107 807,1107 805,1100 797,1095 785,1095 774,1106 752,1106 747,1095 733,1095 728,1099 726,1107 719,1107 711,1093"/>
        <Baseline points="322,1137 1359,1139"/>
        <Word id="region0001_line0012_word0000" custom="readingOrder {index:0;}">
          <Coords points="333,1100 332,1104 329,1104 329,1138 416,1137 416,1104 361,1104 357,1100"/>
          <TextEquiv conf="0.96707696">
            <Unicode>dans</Unicode>
          </TextEquiv>
        </Word>
        <Word id="region0001_line0012_word0001" custom="readingOrder {index:1;}">
          <Coords points="428,1101 428,1138 658,1137 658,1107 645,1107 640,1100 621,1100 618,1106 580,1104 577,1100 557,1100 554,1106 479,1107 471,1106 467,1100"/>
          <TextEquiv conf="0.73022705">
            <Unicode>l'incertitude</Unicode>
          </TextEquiv>
        </Word>
        <Word id="region0001_line0012_word0002" custom="readingOrder {index:2;}">
          <Coords points="696,1097 694,1107 671,1107 671,1135 719,1135 719,1107 713,1097"/>
          <TextEquiv conf="0.96941113">
            <Unicode>où</Unicode>
          </TextEquiv>
        </Word>
        <Word id="region0001_line0012_word0003" custom="readingOrder {index:3;}">
          <Coords points="728,1100 728,1147 765,1146 765,1106 752,1106 749,1099"/>
          <TextEquiv conf="0.933008">
            <Unicode>je</Unicode>
          </TextEquiv>
        </Word>
        <Word id="region0001_line0012_word0004" custom="readingOrder {index:4;}">
          <Coords points="781,1099 779,1101 779,1135 845,1135 845,1107 835,1107 833,1099 813,1099 810,1107 807,1107 805,1100 803,1099"/>
          <TextEquiv>
            <Unicode>ſuis</Unicode>
          </TextEquiv>
        </Word>
        <Word id="region0001_line0012_word0005" custom="readingOrder {index:5;}">
          <Coords points="865,1099 862,1107 859,1107 859,1135 903,1134 903,1107 889,1107 887,1099"/>
          <TextEquiv conf="0.9600808">
            <Unicode>de</Unicode>
          </TextEquiv>
        </Word>
        <Word id="region0001_line0012_word0006" custom="readingOrder {index:6;}">
          <Coords points="916,1108 1015,1108 1015,1134 916,1134"/>
          <TextEquiv conf="0.9622974">
            <Unicode>votre</Unicode>
          </TextEquiv>
        </Word>
        <Word id="region0001_line0012_word0007" custom="readingOrder {index:7;}">
          <Coords points="1061,1096 1057,1101 1052,1097 1039,1097 1032,1107 1029,1107 1029,1145 1161,1144 1161,1097 1156,1098 1144,1105 1133,1107 1080,1107 1074,1096"/>
          <TextEquiv conf="0.9575802">
            <Unicode>départ.</Unicode>
          </TextEquiv>
        </Word>
        <Word id="region0001_line0012_word0008" custom="readingOrder {index:8;}">
          <Coords points="1178,1098 1178,1133 1347,1132 1347,1107 1273,1107 1271,1099 1268,1097 1251,1097 1246,1106 1236,1098 1231,1097"/>
          <TextEquiv conf="0.9548765">
            <Unicode>Madame</Unicode>
          </TextEquiv>
        </Word>
        <TextEquiv>
          <Unicode>dans l'incertitude où je ſuis de votre départ. Madame</Unicode>
        </TextEquiv>
      </TextLine>
      <TextLine id="region0001_line0013" custom="readingOrder {index:12;}">
        <Coords points="451,1150 377,1153 369,1156 364,1163 360,1162 356,1153 342,1152 336,1156 334,1163 322,1164 322,1204 535,1206 540,1211 550,1210 556,1206 888,1207 973,1208 976,1212 982,1213 993,1208 1005,1207 1071,1208 1075,1215 1084,1218 1097,1218 1103,1208 1121,1207 1206,1208 1211,1213 1219,1213 1226,1208 1359,1207 1359,1165 1332,1165 1330,1157 1326,1154 1310,1156 1305,1165 1268,1163 1245,1166 1188,1166 1180,1155 1167,1156 1163,1166 1043,1166 1041,1158 1037,1155 1021,1157 1017,1166 946,1164 939,1162 932,1155 920,1155 913,1164 857,1165 855,1157 851,1154 834,1156 830,1165 792,1165 790,1157 785,1153 770,1155 765,1164 723,1165 722,1157 717,1152 706,1153 700,1165 629,1161 514,1163 507,1154 494,1154 487,1164 480,1164 460,1150"/>
        <Baseline points="322,1195 1359,1197"/>
        <Word id="region0001_line0013_word0000" custom="readingOrder {index:0;} textStyle {offset:0; length:2;italic:true; fontSize:0.0; kerning:0;}">
          <Coords points="335,1159 334,1163 329,1163 329,1195 373,1195 373,1159 366,1159 364,1163 360,1162 358,1159"/>
          <TextEquiv conf="0.9670329">
            <Unicode>du</Unicode>
          </TextEquiv>
        </Word>
        <Word id="region0001_line0013_word0001" custom="readingOrder {index:1;} textStyle {offset:0; length:9;italic:true; fontSize:0.0; kerning:0;}">
          <Coords points="394,1158 394,1200 551,1199 551,1162 514,1163 509,1157 491,1157 487,1164 480,1164 470,1157"/>
          <TextEquiv conf="0.93299264">
            <Unicode>Châtelet,</Unicode>
          </TextEquiv>
        </Word>
        <Word id="region0001_line0013_word0002" custom="readingOrder {index:2;}">
          <Coords points="705,1154 700,1165 629,1161 574,1161 574,1191 739,1190 739,1164 723,1165 722,1157 719,1154"/>
          <TextEquiv>
            <Unicode>entourée</Unicode>
          </TextEquiv>
        </Word>
        <Word id="region0001_line0013_word0003" custom="readingOrder {index:3;}">
          <Coords points="770,1155 765,1164 763,1164 763,1191 806,1191 806,1165 792,1165 790,1157 787,1155"/>
          <TextEquiv conf="0.933032">
            <Unicode>de</Unicode>
          </TextEquiv>
        </Word>
        <Word id="word_1658130153647_2399" custom="readingOrder {index:4;}">
          <Coords points="834,1156 920,1155 932,1155 966,1165 988,1182 988,1195 985,1195 828,1191 828,1165"/>
          <TextEquiv>
            <Unicode>devoirs,</Unicode>
          </TextEquiv>
        </Word>
        <Word id="region0001_line0013_word0006" custom="readingOrder {index:5;}">
          <Coords points="1014,1188 1057,1188 1057,1166 1043,1166 1041,1158 1037,1155 1021,1157 1017,1166 1014,1165"/>
          <TextEquiv conf="0.964131">
            <Unicode>de</Unicode>
          </TextEquiv>
        </Word>
        <Word id="region0001_line0013_word0007" custom="readingOrder {index:6;}">
          <Coords points="1081,1199 1221,1199 1221,1166 1188,1166 1180,1155 1167,1156 1163,1166 1081,1166"/>
          <TextEquiv conf="0.96187246">
            <Unicode>procès,</Unicode>
          </TextEquiv>
        </Word>
        <Word id="region0001_line0013_word0008" custom="readingOrder {index:7;}">
          <Coords points="1247,1187 1280,1187 1280,1163 1268,1163 1247,1165"/>
          <TextEquiv conf="0.96187246">
            <Unicode>et</Unicode>
          </TextEquiv>
        </Word>
        <Word id="region0001_line0013_word0009" custom="readingOrder {index:8;}">
          <Coords points="1304,1186 1348,1186 1348,1165 1332,1165 1330,1157 1326,1154 1310,1156 1305,1165 1304,1164"/>
          <TextEquiv conf="0.9679636">
            <Unicode>de</Unicode>
          </TextEquiv>
        </Word>
        <TextEquiv>
          <Unicode>du Châtelet, entourée de devoirs, de procès, et de</Unicode>
        </TextEquiv>
      </TextLine>
      <TextLine id="region0001_line0014" custom="readingOrder {index:13;}">
        <Coords points="551,1210 545,1212 541,1220 529,1222 406,1218 322,1218 323,1262 492,1264 500,1265 502,1272 507,1276 526,1275 532,1265 703,1265 709,1275 729,1274 735,1266 739,1265 752,1267 756,1272 765,1275 778,1274 787,1267 814,1265 1178,1264 1183,1269 1192,1269 1198,1264 1222,1263 1360,1262 1360,1221 1307,1221 1299,1211 1287,1212 1282,1221 1276,1212 1264,1211 1258,1213 1254,1221 1238,1222 1072,1223 1070,1215 1065,1210 976,1213 970,1223 947,1221 941,1213 930,1212 921,1224 792,1223 786,1219 777,1219 772,1223 567,1222 560,1211"/>
        <Baseline points="323,1252 738,1257 1360,1252"/>
        <Word id="region0001_line0014_word0000" custom="readingOrder {index:0;}">
          <Coords points="332,1224 411,1223 411,1250 332,1251"/>
          <TextEquiv conf="0.96062815">
            <Unicode>tout</Unicode>
          </TextEquiv>
        </Word>
        <Word id="region0001_line0014_word0001" custom="readingOrder {index:1;}">
          <Coords points="434,1226 472,1226 472,1251 434,1251"/>
          <TextEquiv conf="0.96318716">
            <Unicode>ce</Unicode>
          </TextEquiv>
        </Word>
        <Word id="region0001_line0014_word0002" custom="readingOrder {index:2;}">
          <Coords points="498,1263 561,1263 560,1213 544,1213 541,1220 529,1222 497,1220"/>
          <TextEquiv conf="0.96150404">
            <Unicode>qui</Unicode>
          </TextEquiv>
        </Word>
        <Word id="region0001_line0014_word0003" custom="readingOrder {index:3;}">
          <Coords points="775,1220 772,1223 588,1222 588,1260 825,1259 825,1223 792,1223 787,1220"/>
          <TextEquiv conf="0.9550416">
            <Unicode>accompagne</Unicode>
          </TextEquiv>
        </Word>
        <Word id="region0001_line0014_word0004" custom="readingOrder {index:4;}">
          <Coords points="852,1226 902,1225 902,1246 852,1247"/>
          <TextEquiv conf="0.9328537">
            <Unicode>un</Unicode>
          </TextEquiv>
        </Word>
        <Word id="region0001_line0014_word0005" custom="readingOrder {index:5;}">
          <Coords points="928,1213 923,1221 924,1254 1194,1253 1193,1222 1072,1223 1070,1215 1068,1213 975,1213 970,1223 947,1221 941,1213"/>
          <TextEquiv>
            <Unicode>établiſſement,</Unicode>
          </TextEquiv>
        </Word>
        <Word id="region0001_line0014_word0006" custom="readingOrder {index:6;}">
          <Coords points="1222,1225 1242,1224 1242,1245 1222,1246"/>
          <TextEquiv conf="0.96833456">
            <Unicode>a</Unicode>
          </TextEquiv>
        </Word>
        <Word id="region0001_line0014_word0007" custom="readingOrder {index:7;}">
          <Coords points="1263,1213 1264,1247 1346,1247 1345,1221 1307,1221 1300,1213 1286,1213 1282,1221 1276,1213"/>
          <TextEquiv conf="0.96134686">
            <Unicode>bien</Unicode>
          </TextEquiv>
        </Word>
        <TextEquiv>
          <Unicode>tout ce qui accompagne un établiſſement, a bien</Unicode>
        </TextEquiv>
      </TextLine>
      <TextLine id="region0001_line0015" custom="readingOrder {index:14;}">
        <Coords points="342,1267 336,1271 334,1278 323,1278 322,1320 411,1321 437,1324 445,1330 461,1330 470,1324 528,1321 661,1321 664,1325 677,1330 687,1330 693,1321 699,1320 841,1317 849,1323 858,1323 865,1317 1100,1318 1112,1329 1125,1329 1134,1319 1359,1320 1360,1276 1302,1277 1300,1270 1294,1266 1282,1267 1277,1276 1251,1274 1245,1265 1208,1267 1200,1276 1154,1278 1137,1278 1130,1266 1116,1267 1111,1278 1024,1277 1017,1267 1004,1268 998,1277 973,1277 967,1267 954,1268 948,1278 813,1278 808,1269 796,1268 788,1279 614,1280 573,1279 571,1273 566,1269 552,1270 545,1279 456,1279 362,1277 358,1268"/>
        <Baseline points="322,1311 1359,1309"/>
        <Word id="region0001_line0015_word0000" custom="readingOrder {index:0;}">
          <Coords points="336,1271 334,1278 331,1278 331,1307 381,1307 381,1277 362,1277 359,1271"/>
          <TextEquiv conf="0.96060663">
            <Unicode>du</Unicode>
          </TextEquiv>
        </Word>
        <Word id="region0001_line0015_word0001" custom="readingOrder {index:1;}">
          <Coords points="407,1279 517,1279 517,1316 407,1316"/>
          <TextEquiv conf="0.96458733">
            <Unicode>regret</Unicode>
          </TextEquiv>
        </Word>
        <Word id="region0001_line0015_word0002" custom="readingOrder {index:2;}">
          <Coords points="551,1270 545,1279 543,1279 543,1305 586,1304 586,1279 573,1279 571,1273 567,1270"/>
          <TextEquiv conf="0.9620482">
            <Unicode>de</Unicode>
          </TextEquiv>
        </Word>
        <Word id="region0001_line0015_word0003" custom="readingOrder {index:3;}">
          <Coords points="611,1283 655,1283 655,1305 611,1305"/>
          <TextEquiv conf="0.9620482">
            <Unicode>ne</Unicode>
          </TextEquiv>
        </Word>
        <Word id="region0001_line0015_word0004" custom="readingOrder {index:4;}">
          <Coords points="794,1270 788,1279 671,1279 671,1315 825,1314 825,1278 813,1278 808,1270"/>
          <TextEquiv conf="0.9672749">
            <Unicode>pouvoir</Unicode>
          </TextEquiv>
        </Word>
        <Word id="region0001_line0015_word0005" custom="readingOrder {index:5;}">
          <Coords points="840,1281 930,1280 930,1307 840,1308"/>
          <TextEquiv conf="0.9648931">
            <Unicode>vous</Unicode>
          </TextEquiv>
        </Word>
        <Word id="region0001_line0015_word0006" custom="readingOrder {index:6;}">
          <Coords points="953,1269 949,1276 949,1303 1054,1303 1054,1277 1024,1277 1018,1269 1003,1269 998,1277 973,1277 968,1269"/>
          <TextEquiv conf="0.9660767">
            <Unicode>écrire</Unicode>
          </TextEquiv>
        </Word>
        <Word id="region0001_line0015_word0007" custom="readingOrder {index:7;}">
          <Coords points="1116,1268 1111,1278 1072,1278 1072,1314 1296,1313 1296,1267 1296,1267 1282,1267 1277,1276 1251,1274 1246,1267 1208,1267 1200,1276 1154,1278 1137,1278 1131,1268"/>
          <TextEquiv conf="0.708514">
            <Unicode>aujourd'hui</Unicode>
          </TextEquiv>
        </Word>
        <Word id="region0001_line0015_word0008" custom="readingOrder {index:8;}">
          <Coords points="1314,1277 1347,1277 1347,1302 1314,1302"/>
          <TextEquiv conf="0.9699652">
            <Unicode>et</Unicode>
          </TextEquiv>
        </Word>
        <TextEquiv conf="0.9362238">
          <Unicode>du regret de ne pouvoir vous écrire aujourd'hui et</Unicode>
        </TextEquiv>
      </TextLine>
      <TextLine id="region0001_line0016" custom="readingOrder {index:15;}">
        <Coords points="767,1320 755,1333 685,1333 662,1324 643,1325 636,1333 322,1334 322,1373 522,1376 530,1386 545,1385 556,1375 921,1374 922,1381 928,1386 946,1386 950,1383 951,1375 1054,1377 1056,1382 1064,1386 1080,1385 1086,1376 1272,1377 1341,1376 1359,1373 1359,1338 1284,1334 1282,1328 1276,1324 1252,1324 1245,1333 1219,1334 1215,1325 1199,1324 1193,1328 1191,1335 1164,1335 1162,1329 1153,1323 1141,1323 1131,1334 1031,1334 1029,1326 1025,1323 999,1323 992,1328 990,1334 986,1334 984,1327 979,1323 965,1324 960,1333 816,1334 803,1322 787,1322 781,1326 775,1320"/>
        <Baseline points="322,1363 1359,1364"/>
        <Word id="region0001_line0016_word0000" custom="readingOrder {index:0;}">
          <Coords points="329,1341 421,1340 421,1363 329,1364"/>
          <TextEquiv conf="0.96518356">
            <Unicode>vous</Unicode>
          </TextEquiv>
        </Word>
        <Word id="region0001_line0016_word0001" custom="readingOrder {index:1;}">
          <Coords points="444,1340 609,1339 609,1373 444,1374"/>
          <TextEquiv conf="0.96847755">
            <Unicode>marquer</Unicode>
          </TextEquiv>
        </Word>
        <Word id="region0001_line0016_word0002" custom="readingOrder {index:2;}">
          <Coords points="642,1325 636,1333 627,1333 627,1363 838,1362 838,1333 816,1334 806,1325 782,1325 781,1326 780,1325 762,1325 755,1333 685,1333 666,1325"/>
          <TextEquiv conf="0.965125">
            <Unicode>elle-même</Unicode>
          </TextEquiv>
        </Word>
        <Word id="region0001_line0016_word0003" custom="readingOrder {index:3;}">
          <Coords points="857,1338 894,1338 894,1360 857,1360"/>
          <TextEquiv conf="0.9638092">
            <Unicode>ce</Unicode>
          </TextEquiv>
        </Word>
        <Word id="region0001_line0016_word0004" custom="readingOrder {index:4;}">
          <Coords points="964,1325 960,1333 919,1333 919,1372 1046,1372 1046,1334 1031,1334 1029,1326 1027,1325 996,1325 992,1328 990,1334 986,1334 984,1327 981,1325"/>
          <TextEquiv conf="0.88926345">
            <Unicode>qu’elle</Unicode>
          </TextEquiv>
        </Word>
        <Word id="region0001_line0016_word0005" custom="readingOrder {index:5;}">
          <Coords points="1138,1325 1131,1334 1064,1334 1064,1370 1167,1370 1167,1335 1164,1335 1162,1329 1156,1325"/>
          <TextEquiv>
            <Unicode>penſe</Unicode>
          </TextEquiv>
        </Word>
        <Word id="region0001_line0016_word0006" custom="readingOrder {index:6;}">
          <Coords points="1196,1325 1193,1328 1191,1335 1190,1335 1190,1360 1232,1359 1232,1333 1219,1334 1215,1325"/>
          <TextEquiv conf="0.9329098">
            <Unicode>de</Unicode>
          </TextEquiv>
        </Word>
        <Word id="region0001_line0016_word0007" custom="readingOrder {index:7;}">
          <Coords points="1254,1325 1254,1359 1350,1359 1350,1337 1284,1334 1282,1328 1277,1325"/>
          <TextEquiv conf="0.899325">
            <Unicode>l’ou-</Unicode>
          </TextEquiv>
        </Word>
        <TextEquiv>
          <Unicode>vous marquer elle-même ce qu’elle penſe de l’ou-</Unicode>
        </TextEquiv>
      </TextLine>
      <TextLine id="region0001_line0017" custom="readingOrder {index:16;}">
        <Coords points="563,1378 553,1379 544,1388 522,1388 515,1379 501,1379 495,1388 323,1389 323,1429 380,1432 388,1437 411,1439 420,1432 439,1431 743,1430 748,1426 757,1425 760,1421 760,1392 755,1387 593,1389 584,1388 575,1377"/>
        <Baseline points="323,1419 760,1418"/>
        <Word id="region0001_line0017_word0000" custom="readingOrder {index:0;}">
          <Coords points="433,1429 433,1395 329,1396 329,1429 339,1429"/>
          <TextEquiv conf="0.93049324">
            <Unicode>vrage</Unicode>
          </TextEquiv>
        </Word>
        <Word id="region0001_line0017_word0001" custom="readingOrder {index:1;}">
          <Coords points="446,1393 479,1393 479,1419 446,1419"/>
          <TextEquiv conf="0.9681875">
            <Unicode>et</Unicode>
          </TextEquiv>
        </Word>
        <Word id="region0001_line0017_word0002" custom="readingOrder {index:2;}">
          <Coords points="496,1386 495,1388 493,1388 493,1420 536,1420 536,1388 522,1388 520,1386"/>
          <TextEquiv conf="0.9600001">
            <Unicode>de</Unicode>
          </TextEquiv>
        </Word>
        <Word id="region0001_line0017_word0003" custom="readingOrder {index:3;}">
          <Coords points="553,1385 553,1420 708,1419 708,1387 593,1389 584,1388 581,1384"/>
          <TextEquiv conf="0.9307785">
            <Unicode>l'auteur.</Unicode>
          </TextEquiv>
        </Word>
        <TextEquiv conf="0.9473648">
          <Unicode>vrage et de l'auteur.</Unicode>
        </TextEquiv>
      </TextLine>
      <TextLine id="region0001_line0018" custom="readingOrder {index:17;}">
        <Coords points="424,1435 418,1444 408,1443 403,1439 388,1438 385,1443 350,1443 331,1447 325,1453 325,1484 330,1489 495,1489 503,1494 512,1494 517,1490 551,1489 675,1489 716,1492 720,1495 751,1490 861,1489 1203,1489 1215,1490 1217,1497 1222,1501 1234,1499 1244,1489 1359,1490 1360,1448 1280,1447 1278,1440 1272,1436 1258,1438 1254,1446 1173,1447 1171,1439 1167,1436 1110,1436 1105,1440 1103,1448 1085,1447 1083,1439 1079,1436 1065,1436 1057,1447 984,1447 981,1439 975,1435 964,1436 958,1447 898,1447 896,1440 890,1435 878,1436 872,1447 870,1440 865,1436 849,1436 840,1446 803,1447 797,1437 771,1436 752,1438 745,1445 654,1448 652,1440 643,1435 630,1436 620,1447 613,1447 596,1446 589,1438 581,1436 504,1437 489,1446 458,1446 450,1435"/>
        <Baseline points="325,1479 1359,1480"/>
        <Word id="region0001_line0018_word0000" custom="readingOrder {index:0;}">
          <Coords points="380,1445 380,1487 513,1486 513,1444 492,1444 489,1446 458,1446 456,1444"/>
          <TextEquiv conf="0.93303037">
            <Unicode>Adieu,</Unicode>
          </TextEquiv>
        </Word>
        <Word id="word_1658130201929_2429" custom="readingOrder {index:1;}">
          <Coords points="531,1443 593,1442 652,1442 731,1445 731,1493 726,1494 718,1494 531,1486"/>
          <TextEquiv>
            <Unicode>Monſieur;</Unicode>
          </TextEquiv>
        </Word>
        <Word id="region0001_line0018_word0003" custom="readingOrder {index:2;}">
          <Coords points="747,1443 747,1478 831,1478 831,1446 803,1447 800,1443"/>
          <TextEquiv conf="0.96958834">
            <Unicode>allez</Unicode>
          </TextEquiv>
        </Word>
        <Word id="region0001_line0018_word0004" custom="readingOrder {index:3;}">
          <Coords points="845,1441 844,1442 844,1477 927,1476 927,1447 898,1447 896,1440 875,1441 872,1447 870,1441"/>
          <TextEquiv conf="0.9697739">
            <Unicode>faire</Unicode>
          </TextEquiv>
        </Word>
        <Word id="region0001_line0018_word0005" custom="readingOrder {index:4;}">
          <Coords points="961,1440 958,1447 945,1447 945,1476 1053,1476 1053,1447 984,1447 981,1440"/>
          <TextEquiv conf="0.96777034">
            <Unicode>aimer</Unicode>
          </TextEquiv>
        </Word>
        <Word id="region0001_line0018_word0006" custom="readingOrder {index:5;}">
          <Coords points="1067,1440 1067,1476 1114,1476 1114,1440 1105,1440 1103,1448 1085,1447 1083,1440"/>
          <TextEquiv conf="0.96946985">
            <Unicode>les</Unicode>
          </TextEquiv>
        </Word>
        <Word id="region0001_line0018_word0007" custom="readingOrder {index:6;}">
          <Coords points="1129,1439 1129,1487 1289,1486 1289,1447 1280,1447 1278,1440 1275,1438 1258,1438 1254,1446 1173,1447 1171,1439 1171,1439"/>
          <TextEquiv conf="0.9641998">
            <Unicode>Français</Unicode>
          </TextEquiv>
        </Word>
        <Word id="region0001_line0018_word0008" custom="readingOrder {index:7;}">
          <Coords points="1304,1452 1347,1452 1347,1474 1304,1474"/>
          <TextEquiv conf="0.9694933">
            <Unicode>en</Unicode>
          </TextEquiv>
        </Word>
        <TextEquiv>
          <Unicode>Adieu, Monſieur; allez faire aimer les Français en</Unicode>
        </TextEquiv>
      </TextLine>
      <TextLine id="region0001_line0019" custom="readingOrder {index:18;}">
        <Coords points="322,1493 323,1550 421,1549 431,1550 443,1559 457,1559 471,1550 507,1554 556,1550 896,1548 900,1557 909,1558 923,1557 928,1547 1360,1548 1359,1499 1354,1495 1339,1497 1335,1505 1259,1504 1252,1492 1241,1493 1233,1503 1114,1505 1112,1498 1106,1493 1090,1495 1085,1505 1002,1505 997,1501 989,1501 984,1505 953,1505 949,1494 937,1493 930,1505 922,1505 917,1496 909,1492 893,1495 886,1505 879,1505 876,1497 870,1493 859,1493 843,1496 839,1505 828,1505 826,1497 822,1494 808,1495 802,1505 764,1505 689,1505 683,1494 667,1493 651,1497 638,1494 629,1505 620,1504 613,1495 602,1495 593,1503 516,1508 500,1506 498,1498 493,1494 478,1496 473,1505 438,1505 386,1504 375,1495 363,1493"/>
        <Baseline points="322,1539 1359,1538"/>
        <Word id="word_1658130213539_2436" custom="readingOrder {index:0;}">
          <Coords points="329,1501 381,1500 495,1500 518,1529 518,1543 496,1548 330,1549"/>
          <TextEquiv>
            <Unicode>Portugal,</Unicode>
          </TextEquiv>
        </Word>
        <Word id="region0001_line0019_word0002" custom="readingOrder {index:1;}">
          <Coords points="546,1510 578,1509 578,1536 546,1537"/>
          <TextEquiv conf="0.93301094">
            <Unicode>et</Unicode>
          </TextEquiv>
        </Word>
        <Word id="word_1658130224313_2442" custom="readingOrder {index:2;}">
          <Coords points="603,1495 683,1495 819,1500 819,1536 712,1549 603,1549"/>
          <TextEquiv>
            <Unicode>laiſſez - moi</Unicode>
          </TextEquiv>
        </Word>
        <Word id="region0001_line0019_word0005" custom="readingOrder {index:3;}">
          <Coords points="849,1498 850,1547 1053,1546 1053,1505 1002,1505 997,1501 989,1501 984,1505 953,1505 950,1497 934,1497 930,1505 922,1505 917,1497 891,1497 886,1505 879,1505 876,1497"/>
          <TextEquiv>
            <Unicode>l'eſpérance</Unicode>
          </TextEquiv>
        </Word>
        <Word id="region0001_line0019_word0006" custom="readingOrder {index:4;}">
          <Coords points="1089,1496 1085,1505 1084,1505 1084,1533 1127,1533 1127,1504 1114,1505 1112,1498 1109,1496"/>
          <TextEquiv conf="0.96729887">
            <Unicode>de</Unicode>
          </TextEquiv>
        </Word>
        <Word id="region0001_line0019_word0007" custom="readingOrder {index:5;}">
          <Coords points="1239,1495 1233,1503 1156,1504 1156,1533 1272,1532 1272,1504 1259,1504 1253,1495"/>
          <TextEquiv conf="0.9692781">
            <Unicode>revoir</Unicode>
          </TextEquiv>
        </Word>
        <Word id="region0001_line0019_word0008" custom="readingOrder {index:6;}">
          <Coords points="1296,1532 1352,1532 1352,1498 1338,1498 1335,1505 1296,1504"/>
          <TextEquiv conf="0.88936234">
            <Unicode>un</Unicode>
          </TextEquiv>
        </Word>
        <TextEquiv>
          <Unicode>Portugal, et laiſſez - moi l'eſpérance de revoir un</Unicode>
        </TextEquiv>
      </TextLine>
      <TextLine id="region0001_line0020" custom="readingOrder {index:19;}">
        <Coords points="323,1553 323,1609 503,1609 512,1621 528,1621 533,1617 535,1610 1360,1610 1360,1567 1349,1567 1347,1556 1336,1552 1253,1553 1248,1557 1246,1565 1172,1567 1163,1566 1159,1555 1147,1553 1095,1553 1081,1554 1077,1557 1073,1554 1041,1555 1037,1558 1036,1565 1030,1566 1022,1553 1011,1552 1006,1556 1003,1566 944,1567 841,1566 831,1553 784,1555 777,1564 746,1565 657,1565 648,1563 639,1554 631,1554 623,1562 613,1554 599,1555 590,1565 570,1566 562,1555 549,1556 544,1566 356,1566 355,1559 350,1554"/>
        <Baseline points="323,1599 1360,1600"/>
        <Word id="region0001_line0020_word0000" custom="readingOrder {index:0;}">
          <Coords points="330,1561 330,1598 476,1597 476,1566 356,1566 355,1560"/>
          <TextEquiv conf="0.9575665">
            <Unicode>homme</Unicode>
          </TextEquiv>
        </Word>
        <Word id="region0001_line0020_word0001" custom="readingOrder {index:1;}">
          <Coords points="565,1609 565,1560 547,1560 544,1566 501,1566 501,1609 503,1609"/>
          <TextEquiv conf="0.9639452">
            <Unicode>qui</Unicode>
          </TextEquiv>
        </Word>
        <Word id="region0001_line0020_word0002" custom="readingOrder {index:2;}">
          <Coords points="595,1559 595,1559 595,1596 658,1596 658,1565 657,1565 648,1563 644,1559 626,1559 623,1562 619,1559"/>
          <TextEquiv conf="0.9639452">
            <Unicode>fait</Unicode>
          </TextEquiv>
        </Word>
        <Word id="region0001_line0020_word0003" custom="readingOrder {index:3;}">
          <Coords points="687,1569 763,1568 763,1596 687,1597"/>
          <TextEquiv conf="0.9680663">
            <Unicode>tant</Unicode>
          </TextEquiv>
        </Word>
        <Word id="region0001_line0020_word0004" custom="readingOrder {index:4;}">
          <Coords points="787,1557 787,1596 984,1595 984,1566 944,1567 841,1566 833,1556"/>
          <TextEquiv conf="0.3460195">
            <Unicode>d'honneur</Unicode>
          </TextEquiv>
        </Word>
        <Word id="region0001_line0020_word0005" custom="readingOrder {index:5;}">
          <Coords points="1009,1555 1009,1594 1030,1594 1030,1566 1023,1555"/>
          <TextEquiv conf="0.9692792">
            <Unicode>à</Unicode>
          </TextEquiv>
        </Word>
        <Word id="region0001_line0020_word0006" custom="readingOrder {index:6;}">
          <Coords points="1056,1558 1091,1557 1091,1593 1056,1594"/>
          <TextEquiv conf="0.96753454">
            <Unicode>la</Unicode>
          </TextEquiv>
        </Word>
        <Word id="region0001_line0020_word0007" custom="readingOrder {index:7;}">
          <Coords points="1116,1559 1116,1595 1257,1594 1257,1558 1247,1558 1246,1565 1172,1567 1163,1566 1160,1558"/>
          <TextEquiv conf="0.9474957">
            <Unicode>France.</Unicode>
          </TextEquiv>
        </Word>
        <Word id="region0001_line0020_word0008" custom="readingOrder {index:8;}">
          <Coords points="1286,1558 1286,1594 1349,1594 1349,1567 1347,1558"/>
          <TextEquiv conf="0.96969634">
            <Unicode>Un</Unicode>
          </TextEquiv>
        </Word>
        <TextEquiv conf="0.89483875">
          <Unicode>homme qui fait tant d'honneur à la France. Un</Unicode>
        </TextEquiv>
      </TextLine>
      <TextLine id="region0001_line0021" custom="readingOrder {index:20;}">
        <Coords points="401,1614 394,1616 390,1625 322,1625 322,1668 351,1669 358,1662 364,1662 371,1669 371,1673 383,1677 401,1675 405,1670 428,1668 1044,1671 1098,1672 1110,1680 1128,1678 1133,1681 1160,1680 1169,1673 1180,1671 1359,1668 1359,1626 1344,1626 1337,1616 1322,1617 1317,1627 1300,1627 1298,1619 1293,1615 1279,1616 1275,1627 1232,1627 1230,1618 1223,1614 1204,1617 1197,1626 1173,1624 1166,1615 1155,1616 1146,1627 1133,1627 1131,1619 1124,1615 1051,1616 1036,1618 1023,1628 995,1628 944,1626 942,1619 937,1615 921,1617 916,1626 864,1626 860,1623 848,1626 793,1626 786,1614 771,1614 761,1625 714,1626 712,1619 706,1614 691,1614 681,1626 542,1626 513,1624 503,1613 486,1614 477,1625 453,1626 443,1614 433,1614 425,1624 417,1624 412,1614"/>
        <Baseline points="322,1658 1126,1666 1359,1658"/>
        <Word id="region0001_line0021_word0000" custom="readingOrder {index:0;}">
          <Coords points="392,1622 390,1625 330,1625 330,1668 351,1669 358,1662 364,1662 371,1669 371,1670 412,1669 428,1668 461,1668 461,1626 453,1626 449,1621 427,1621 425,1624 417,1624 416,1621"/>
          <TextEquiv conf="0.96543974">
            <Unicode>anglais</Unicode>
          </TextEquiv>
        </Word>
        <Word id="region0001_line0021_word0001" custom="readingOrder {index:1;}">
          <Coords points="483,1620 483,1658 523,1658 523,1624 513,1624 509,1620"/>
          <TextEquiv conf="0.96657264">
            <Unicode>fit</Unicode>
          </TextEquiv>
        </Word>
        <Word id="region0001_line0021_word0002" custom="readingOrder {index:2;}">
          <Coords points="544,1632 665,1631 665,1658 544,1659"/>
          <TextEquiv conf="0.96918535">
            <Unicode>mettre</Unicode>
          </TextEquiv>
        </Word>
        <Word id="region0001_line0021_word0003" custom="readingOrder {index:3;}">
          <Coords points="686,1620 686,1657 743,1656 743,1625 714,1626 712,1619"/>
          <TextEquiv>
            <Unicode>ſur</Unicode>
          </TextEquiv>
        </Word>
        <Word id="region0001_line0021_word0004" custom="readingOrder {index:4;}">
          <Coords points="766,1620 766,1657 829,1657 829,1626 793,1626 789,1620"/>
          <TextEquiv>
            <Unicode>ſon</Unicode>
          </TextEquiv>
        </Word>
        <Word id="word_1658130264803_2471" custom="readingOrder {index:5;}">
          <Coords points="851,1625 860,1623 919,1619 1047,1616 1047,1671 1044,1671 1026,1670 851,1656"/>
          <TextEquiv>
            <Unicode>tombeau:</Unicode>
          </TextEquiv>
        </Word>
        <Word id="region0001_line0021_word0007" custom="readingOrder {index:6;} textStyle {offset:0; length:6;italic:true; fontSize:0.0; kerning:0;}">
          <Coords points="1072,1617 1072,1666 1179,1666 1179,1624 1173,1624 1167,1617 1154,1617 1146,1627 1133,1627 1131,1619 1127,1617"/>
          <TextEquiv>
            <Unicode>Ci-gît</Unicode>
          </TextEquiv>
        </Word>
        <Word id="region0001_line0021_word0008" custom="readingOrder {index:7;} textStyle {offset:0; length:5;italic:true; fontSize:0.0; kerning:0;}">
          <Coords points="1210,1615 1204,1617 1203,1618 1203,1654 1291,1653 1291,1615 1279,1616 1275,1627 1232,1627 1230,1618 1226,1615"/>
          <TextEquiv conf="0.70683634">
            <Unicode>l'ami</Unicode>
          </TextEquiv>
        </Word>
        <Word id="region0001_line0021_word0009" custom="readingOrder {index:8;} textStyle {offset:0; length:2;italic:true; fontSize:0.0; kerning:0;}">
          <Coords points="1321,1618 1317,1627 1312,1627 1312,1653 1349,1653 1349,1626 1344,1626 1338,1618"/>
          <TextEquiv conf="0.96140677">
            <Unicode>de</Unicode>
          </TextEquiv>
        </Word>
        <TextEquiv>
          <Unicode>anglais fit mettre ſur ſon tombeau: Ci-gît l'ami de</Unicode>
        </TextEquiv>
      </TextLine>
      <TextLine id="region0001_line0022" custom="readingOrder {index:21;}">
        <Coords points="358,1663 351,1673 322,1673 323,1727 411,1727 413,1734 427,1733 441,1739 454,1739 463,1734 466,1728 568,1728 658,1739 676,1739 682,1735 684,1729 876,1730 883,1740 901,1740 908,1729 922,1728 1071,1727 1083,1728 1087,1737 1102,1740 1112,1739 1116,1728 1157,1728 1162,1737 1171,1739 1185,1737 1189,1728 1360,1728 1359,1682 1324,1683 1318,1677 1304,1674 1293,1675 1287,1685 1284,1684 1283,1678 1276,1674 1259,1675 1252,1685 1209,1686 1202,1674 1186,1676 1181,1686 1135,1686 1134,1682 1128,1679 1112,1680 1109,1686 1095,1686 1093,1677 1088,1673 1078,1674 1070,1686 954,1687 948,1679 935,1679 928,1686 913,1686 908,1682 899,1683 894,1687 791,1684 626,1687 624,1680 619,1676 605,1677 601,1687 574,1687 572,1679 568,1677 554,1677 550,1680 545,1675 491,1675 485,1677 480,1685 470,1685 463,1678 455,1678 448,1683 427,1673 383,1678 371,1674 364,1663"/>
        <Baseline points="323,1717 636,1723 1360,1718"/>
        <Word id="word_1658130296222_2486" custom="readingOrder {index:0;} textStyle {offset:0; length:8;italic:true; fontSize:0.0; kerning:0;}">
          <Coords points="328,1673 351,1673 351,1671 369,1671 371,1674 383,1678 427,1673 448,1683 455,1678 463,1678 470,1685 480,1685 485,1677 491,1675 496,1675 496,1720 329,1722"/>
          <TextEquiv>
            <Unicode>Philippe</Unicode>
          </TextEquiv>
        </Word>
        <Word id="word_1658130296222_2485" custom="readingOrder {index:1;} textStyle {offset:0; length:7;italic:true; fontSize:0.0; kerning:0;}">
          <Coords points="496,1675 545,1675 550,1680 554,1677 568,1677 572,1679 574,1687 601,1687 605,1677 619,1676 624,1680 626,1687 636,1686 637,1720 496,1720"/>
          <TextEquiv>
            <Unicode>Sidnei;</Unicode>
          </TextEquiv>
        </Word>
        <Word id="region0001_line0022_word0001" custom="readingOrder {index:2;}">
          <Coords points="660,1716 847,1715 846,1685 791,1684 659,1686"/>
          <TextEquiv conf="0.9242385">
            <Unicode>permettez</Unicode>
          </TextEquiv>
        </Word>
        <Word id="region0001_line0022_word0002" custom="readingOrder {index:3;}">
          <Coords points="874,1715 946,1714 945,1679 935,1679 928,1686 913,1686 908,1682 899,1683 894,1687 873,1686"/>
          <TextEquiv conf="0.926806">
            <Unicode>qué</Unicode>
          </TextEquiv>
        </Word>
        <Word id="region0001_line0022_word0003" custom="readingOrder {index:4;}">
          <Coords points="961,1702 1049,1702 1049,1686 961,1686"/>
          <TextEquiv conf="0.9226778">
            <Unicode>mon</Unicode>
          </TextEquiv>
        </Word>
        <Word id="region0001_line0022_word0004" custom="readingOrder {index:5;}">
          <Coords points="1074,1715 1235,1714 1234,1685 1209,1686 1202,1674 1186,1676 1181,1686 1135,1686 1134,1682 1128,1679 1112,1680 1109,1686 1095,1686 1093,1677 1088,1673 1078,1674 1073,1681"/>
          <TextEquiv conf="0.9152696">
            <Unicode>épitaphe</Unicode>
          </TextEquiv>
        </Word>
        <Word id="word_1658130326337_2504" custom="readingOrder {index:6;}">
          <Coords points="1259,1675 1276,1674 1304,1674 1354,1682 1354,1701 1322,1718 1258,1718 1258,1676"/>
          <TextEquiv>
            <Unicode>ſoit:</Unicode>
          </TextEquiv>
        </Word>
        <TextEquiv>
          <Unicode>Philippe Sidnei; permettez qué mon épitaphe ſoit:</Unicode>
        </TextEquiv>
      </TextLine>
      <TextLine id="region0001_line0023" custom="readingOrder {index:22;}">
        <Coords points="323,1730 323,1782 386,1784 393,1788 474,1782 684,1783 688,1794 704,1796 711,1794 716,1784 739,1783 839,1786 868,1795 892,1792 901,1787 906,1793 912,1794 923,1793 938,1783 992,1785 996,1782 1038,1782 1043,1777 1043,1749 1038,1744 955,1744 947,1734 931,1735 924,1743 897,1744 851,1742 844,1732 834,1732 822,1742 817,1734 803,1732 793,1735 786,1745 773,1745 762,1744 757,1733 745,1731 739,1735 736,1745 647,1744 642,1740 634,1740 629,1744 596,1744 594,1736 590,1733 578,1733 570,1744 559,1744 557,1737 551,1732 539,1734 534,1743 491,1743 481,1731 470,1731 454,1740 434,1739 427,1734 413,1735 408,1741 396,1741 394,1735 385,1730"/>
        <Baseline points="323,1772 1043,1773"/>
        <Word id="region0001_line0023_word0000" custom="readingOrder {index:0;}">
          <Coords points="334,1737 334,1782 349,1782 440,1782 440,1739 434,1739 429,1736 411,1736 408,1741 396,1741 394,1736"/>
          <TextEquiv>
            <Unicode>Ci-gît</Unicode>
          </TextEquiv>
        </Word>
        <Word id="region0001_line0023_word0001" custom="readingOrder {index:1;}">
          <Coords points="459,1737 458,1737 458,1773 550,1773 550,1737 537,1737 534,1743 491,1743 486,1737"/>
          <TextEquiv conf="0.9015477">
            <Unicode>l’ami</Unicode>
          </TextEquiv>
        </Word>
        <Word id="region0001_line0023_word0002" custom="readingOrder {index:2;}">
          <Coords points="574,1737 570,1744 564,1744 564,1771 608,1770 608,1744 596,1744 594,1737"/>
          <TextEquiv conf="0.9690957">
            <Unicode>du</Unicode>
          </TextEquiv>
        </Word>
        <Word id="region0001_line0023_word0003" custom="readingOrder {index:3;}">
          <Coords points="741,1733 739,1735 736,1745 647,1744 642,1740 634,1740 629,1744 621,1744 621,1782 767,1781 767,1744 762,1744 757,1733"/>
          <TextEquiv conf="0.9323562">
            <Unicode>marquis</Unicode>
          </TextEquiv>
        </Word>
        <Word id="region0001_line0023_word0004" custom="readingOrder {index:4;}">
          <Coords points="796,1733 793,1735 786,1745 783,1745 783,1780 990,1779 990,1744 955,1744 947,1734 931,1735 924,1743 897,1744 851,1742 845,1733 831,1733 822,1742 817,1734 815,1733"/>
          <TextEquiv>
            <Unicode>d'Argenſon.</Unicode>
          </TextEquiv>
        </Word>
        <TextEquiv>
          <Unicode>Ci-gît l’ami du marquis d'Argenſon.</Unicode>
        </TextEquiv>
      </TextLine>
      <TextLine id="region0001_line0024" custom="readingOrder {index:23;}">
        <Coords points="326,1784 322,1792 322,1813 334,1816 338,1829 395,1836 671,1838 691,1839 700,1848 720,1847 728,1840 770,1838 778,1849 795,1845 801,1842 802,1838 972,1840 984,1841 991,1850 1010,1850 1017,1840 1359,1841 1359,1798 1333,1797 1327,1787 1312,1788 1305,1797 1293,1798 1272,1798 1266,1788 1250,1789 1244,1797 1170,1799 1093,1795 1062,1798 1060,1791 1054,1786 1038,1789 1034,1798 970,1798 952,1795 944,1787 935,1787 923,1794 874,1797 837,1797 831,1788 825,1786 815,1787 810,1797 768,1797 762,1791 752,1791 745,1796 664,1796 655,1795 648,1786 634,1787 627,1795 492,1796 488,1787 482,1783 468,1786 442,1785 437,1789 429,1785 393,1789 386,1785"/>
        <Baseline points="335,1819 483,1828 1359,1832"/>
        <Word id="region0001_line0024_word0000" custom="readingOrder {index:0;}">
          <Coords points="382,1791 382,1829 493,1828 493,1795 492,1796 489,1790"/>
          <TextEquiv conf="0.9575147">
            <Unicode>Voilà</Unicode>
          </TextEquiv>
        </Word>
        <Word id="region0001_line0024_word0001" custom="readingOrder {index:1;}">
          <Coords points="518,1801 588,1800 588,1824 518,1825"/>
          <TextEquiv conf="0.96104205">
            <Unicode>une</Unicode>
          </TextEquiv>
        </Word>
        <Word id="region0001_line0024_word0002" custom="readingOrder {index:2;}">
          <Coords points="631,1789 627,1795 616,1795 616,1833 741,1832 741,1796 664,1796 655,1795 650,1789"/>
          <TextEquiv conf="0.0">
            <Unicode>charge</Unicode>
          </TextEquiv>
        </Word>
        <Word id="region0001_line0024_word0003" custom="readingOrder {index:3;}">
          <Coords points="814,1788 810,1797 768,1797 762,1791 752,1791 752,1834 878,1834 878,1796 874,1797 837,1797 831,1788"/>
          <TextEquiv>
            <Unicode>qu’on</Unicode>
          </TextEquiv>
        </Word>
        <Word id="region0001_line0024_word0004" custom="readingOrder {index:4;}">
          <Coords points="933,1788 923,1794 908,1794 908,1822 965,1822 965,1797 952,1795 945,1788"/>
          <TextEquiv conf="0.8303659">
            <Unicode>n’a</Unicode>
          </TextEquiv>
        </Word>
        <Word id="region0001_line0024_word0005" custom="readingOrder {index:5;}">
          <Coords points="994,1833 1097,1832 1097,1795 1093,1795 1062,1798 1060,1791 1054,1786 1038,1789 1034,1798 994,1798"/>
          <TextEquiv conf="0.9655227">
            <Unicode>point</Unicode>
          </TextEquiv>
        </Word>
        <Word id="region0001_line0024_word0006" custom="readingOrder {index:6;}">
          <Coords points="1128,1800 1211,1800 1211,1823 1128,1823"/>
          <TextEquiv conf="0.90849245">
            <Unicode>avec</Unicode>
          </TextEquiv>
        </Word>
        <Word id="region0001_line0024_word0007" custom="readingOrder {index:7;}">
          <Coords points="1231,1822 1286,1822 1286,1798 1272,1798 1266,1788 1250,1789 1244,1797 1231,1797"/>
          <TextEquiv>
            <Unicode>de</Unicode>
          </TextEquiv>
        </Word>
        <Word id="region0001_line0024_word0008" custom="readingOrder {index:8;}">
          <Coords points="1315,1823 1350,1823 1350,1797 1333,1797 1327,1787 1315,1787"/>
          <TextEquiv conf="0.8436991">
            <Unicode>la</Unicode>
          </TextEquiv>
        </Word>
        <TextEquiv>
          <Unicode>Voilà une charge qu’on n’a point avec de la</Unicode>
        </TextEquiv>
      </TextLine>
      <TextLine id="region0001_line0025" custom="readingOrder {index:24;}">
        <Coords points="343,1837 322,1838 323,1893 453,1893 479,1894 483,1897 493,1897 498,1893 558,1894 574,1894 581,1904 600,1904 607,1895 644,1895 649,1896 654,1904 661,1906 671,1906 681,1897 688,1896 856,1897 864,1906 881,1906 888,1896 976,1896 991,1898 997,1908 1036,1908 1043,1898 1166,1898 1168,1905 1173,1909 1192,1909 1198,1899 1360,1901 1359,1851 1355,1849 1347,1849 1341,1856 1318,1857 1251,1853 1193,1856 1182,1844 1167,1844 1157,1855 1100,1855 1067,1854 1062,1854 1055,1845 1042,1845 1035,1854 979,1855 971,1854 969,1847 964,1843 953,1843 943,1853 910,1852 904,1844 895,1845 888,1853 819,1853 810,1851 802,1842 786,1849 784,1853 779,1853 770,1841 760,1842 754,1853 682,1853 680,1846 674,1841 660,1842 655,1853 633,1853 549,1849 466,1851 364,1849 358,1840"/>
        <Baseline points="323,1883 1360,1891"/>
        <Word id="word_1658130379488_2536" custom="readingOrder {index:0;}">
          <Coords points="331,1844 360,1843 501,1850 501,1893 494,1896 482,1896 332,1884"/>
          <TextEquiv>
            <Unicode>finance,</Unicode>
          </TextEquiv>
        </Word>
        <Word id="region0001_line0025_word0002" custom="readingOrder {index:1;}">
          <Coords points="519,1850 552,1850 553,1877 520,1877"/>
          <TextEquiv conf="0.96114165">
            <Unicode>et</Unicode>
          </TextEquiv>
        </Word>
        <Word id="region0001_line0025_word0003" custom="readingOrder {index:2;}">
          <Coords points="571,1854 642,1853 643,1888 572,1889"/>
          <TextEquiv conf="0.96677923">
            <Unicode>que</Unicode>
          </TextEquiv>
        </Word>
        <Word id="region0001_line0025_word0004" custom="readingOrder {index:3;}">
          <Coords points="659,1889 696,1889 695,1853 682,1853 680,1846 674,1841 660,1842 658,1846"/>
          <TextEquiv conf="0.9615387">
            <Unicode>je</Unicode>
          </TextEquiv>
        </Word>
        <Word id="region0001_line0025_word0005" custom="readingOrder {index:4;}">
          <Coords points="763,1841 760,1842 754,1853 717,1853 718,1879 840,1878 839,1853 819,1853 810,1851 802,1842 786,1849 784,1853 779,1853 770,1841"/>
          <TextEquiv conf="0.96923643">
            <Unicode>mérite</Unicode>
          </TextEquiv>
        </Word>
        <Word id="region0001_line0025_word0006" custom="readingOrder {index:5;}">
          <Coords points="866,1888 930,1887 929,1852 910,1852 904,1844 895,1845 888,1853 865,1853"/>
          <TextEquiv conf="0.6198795">
            <Unicode>par</Unicode>
          </TextEquiv>
        </Word>
        <Word id="region0001_line0025_word0007" custom="readingOrder {index:6;}">
          <Coords points="954,1876 986,1876 985,1854 979,1855 971,1854 969,1847 964,1843 953,1843"/>
          <TextEquiv conf="0.96814376">
            <Unicode>le</Unicode>
          </TextEquiv>
        </Word>
        <Word id="region0001_line0025_word0008" custom="readingOrder {index:7;}">
          <Coords points="1019,1888 1099,1887 1098,1854 1067,1854 1062,1854 1055,1845 1042,1845 1035,1854 1018,1854"/>
          <TextEquiv conf="0.9330049">
            <Unicode>plus</Unicode>
          </TextEquiv>
        </Word>
        <Word id="region0001_line0025_word0009" custom="readingOrder {index:8;}">
          <Coords points="1126,1887 1356,1886 1355,1849 1355,1849 1347,1849 1341,1856 1318,1857 1251,1853 1193,1856 1182,1844 1167,1844 1157,1855 1125,1855"/>
          <TextEquiv>
            <Unicode>reſpectueux</Unicode>
          </TextEquiv>
        </Word>
        <TextEquiv>
          <Unicode>finance, et que je mérite par le plus reſpectueux</Unicode>
        </TextEquiv>
      </TextLine>
      <TextLine id="region0001_line0026" custom="readingOrder {index:25;}">
        <Coords points="425,1896 416,1901 414,1908 323,1910 323,1954 642,1952 667,1953 670,1959 697,1959 700,1953 1053,1956 1068,1946 1068,1916 1063,1912 952,1910 945,1900 931,1901 926,1898 912,1898 902,1908 895,1910 856,1910 852,1907 840,1910 794,1910 789,1909 782,1899 766,1900 760,1909 723,1910 716,1899 699,1901 695,1910 648,1908 641,1899 626,1900 620,1907 598,1908 562,1906 441,1909 437,1897"/>
        <Baseline points="323,1945 1068,1944"/>
        <Word id="region0001_line0026_word0000" custom="readingOrder {index:0;}">
          <Coords points="415,1901 414,1908 334,1909 334,1941 566,1940 566,1906 562,1906 441,1909 438,1901"/>
          <TextEquiv conf="0.95958346">
            <Unicode>attachement</Unicode>
          </TextEquiv>
        </Word>
        <Word id="region0001_line0026_word0001" custom="readingOrder {index:1;}">
          <Coords points="581,1913 614,1913 614,1939 581,1939"/>
          <TextEquiv conf="0.9700682">
            <Unicode>et</Unicode>
          </TextEquiv>
        </Word>
        <Word id="region0001_line0026_word0002" custom="readingOrder {index:2;}">
          <Coords points="630,1903 630,1938 664,1938 664,1908 648,1908 644,1903"/>
          <TextEquiv conf="0.9692718">
            <Unicode>la</Unicode>
          </TextEquiv>
        </Word>
        <Word id="region0001_line0026_word0003" custom="readingOrder {index:3;}">
          <Coords points="698,1902 695,1910 677,1909 677,1950 758,1949 758,1909 723,1910 718,1902"/>
          <TextEquiv conf="0.9693125">
            <Unicode>plus</Unicode>
          </TextEquiv>
        </Word>
        <Word id="region0001_line0026_word0004" custom="readingOrder {index:4;}">
          <Coords points="770,1902 770,1938 874,1938 874,1910 856,1910 852,1907 840,1910 794,1910 789,1909 784,1902"/>
          <TextEquiv conf="0.93272674">
            <Unicode>haute</Unicode>
          </TextEquiv>
        </Word>
        <Word id="region0001_line0026_word0005" custom="readingOrder {index:5;}">
          <Coords points="909,1901 902,1908 895,1910 889,1910 889,1939 1015,1938 1015,1911 952,1910 945,1901 936,1901 931,1901 930,1901"/>
          <TextEquiv>
            <Unicode>eſtime.</Unicode>
          </TextEquiv>
        </Word>
        <TextEquiv>
          <Unicode>attachement et la plus haute eſtime.</Unicode>
        </TextEquiv>
      </TextLine>
      <TextEquiv>
        <Unicode>Comment Desfontaines aurait-il eu l’inſolence de
nier un déſaveu minuté de votre main, écrit et ſigné
de la ſienne, et dépoſé au greffe de la police? com-
ment oſerait-il s’avouer, dans ſes feuilles, auteur
d'un libelle infame? et ſi en effet il eſt capable d’une
pareille turpitude, comment pourrait-il déſobéir aux
ordres de M. Hérault, et nier dans ſes feuilles un
déſaveu que M. Hérault lui ordonnait d’y inférer?
Si vous êtes encore à Paris, Monſieur, j'oſe vous
ſupplier d’en dire un mot. -
Je me ſers de l’adreſſe que vous m'avez donnée,
dans l'incertitude où je ſuis de votre départ. Madame
du Châtelet, entourée de devoirs, de procès, et de
tout ce qui accompagne un établiſſement, a bien
du regret de ne pouvoir vous écrire aujourd'hui et
vous marquer elle-même ce qu’elle penſe de l’ou-
vrage et de l'auteur.
Adieu, Monſieur; allez faire aimer les Français en
Portugal, et laiſſez - moi l'eſpérance de revoir un
homme qui fait tant d'honneur à la France. Un
anglais fit mettre ſur ſon tombeau: Ci-gît l'ami de
Philippe Sidnei; permettez qué mon épitaphe ſoit:
Ci-gît l’ami du marquis d'Argenſon.
Voilà une charge qu’on n’a point avec de la
finance, et que je mérite par le plus reſpectueux
attachement et la plus haute eſtime.</Unicode>
      </TextEquiv>
    </TextRegion>
    <TextRegion orientation="0.3486471" type="marginalia" readingDirection="left-to-right" id="region0003" custom="readingOrder {index:1;} structure {type:marginalia;}">
      <Coords points="1369,503 1480,503 1480,554 1369,554"/>
      <TextLine id="region0003_line0001" custom="readingOrder {index:0;}">
        <Coords points="1390,504 1388,507 1369,508 1369,551 1394,554 1479,552 1479,507 1476,503"/>
        <Word id="region0003_line0001_word0000" custom="readingOrder {index:0;}">
          <Coords points="1476,516 1375,517 1375,551 1394,554 1476,552"/>
          <TextEquiv>
            <Unicode>1739.</Unicode>
          </TextEquiv>
        </Word>
        <TextEquiv>
          <Unicode>1739.</Unicode>
        </TextEquiv>
      </TextLine>
      <TextEquiv>
        <Unicode>1739.</Unicode>
      </TextEquiv>
    </TextRegion>
  </Page>
</PcGts>