1127 1782
398 243 556 278 ſouliers?
569 246 669 284 Non,
682 258 756 282 mon
768 253 856 289 ami,
870 254 1017 298 répondit

396 290 427 323 le
441 286 556 326 Curé,
576 290 598 323 fi
614 293 642 334 je
660 305 697 327 ne
709 295 767 328 ſuis
791 307 845 337 pas
855 298 916 333 allé
937 296 1013 336 chez

394 333 472 359 vous
491 325 543 360 dés
560 327 591 362 la
613 332 760 374 premiere
777 332 836 368 fois
856 345 915 379 que
937 346 1015 371 vous

391 367 516 404 m'avez
527 371 635 404 envoié
643 376 761 413 querir,
778 380 813 410 &
822 378 842 410 ſi
850 378 876 420 je
885 382 938 423 n’y
946 382 1012 415 vais

391 404 479 447 point
496 417 607 442 encore
618 420 694 444 avec
704 421 796 450 vous,
817 427 854 447 ce
868 420 941 451 n’eſt
952 429 1009 462 pas

390 457 446 482 ma
464 446 573 492 faute;
588 449 616 491 je
636 463 673 485 ne
691 453 805 497 ſçavois
826 467 880 501 pas
895 459 959 494 hier
968 472 1007 495 au

388 490 451 527 ſoir
466 499 524 530 que
539 500 613 526 vous
625 496 729 531 auriez
743 497 846 534 beſoin
863 502 901 536 de
917 504 1007 541 moi;

387 537 442 561 car
467 526 496 568 je
521 529 634 565 donnai
648 544 716 568 mes
740 538 863 573 ſouliers
883 543 916 574 &
941 551 1008 577 mes

385 570 521 609 chauffes
539 575 557 605 à
573 576 798 613 racommoder.
824 583 934 627 Quelle
948 595 1006 627 ap-

384 620 518 653 parence
539 614 648 651 d’aller
673 620 747 652 nuds
768 622 853 664 pieds
878 625 952 660 dans
971 628 1003 661 la

381 657 478 692 bouë:
488 665 527 687 on
536 654 602 689 doit
611 658 660 690 me
660 658 710 692 les
720 669 882 704 rapporter
890 677 926 697 ce
934 677 1003 700 ma-

379 697 450 734 tin;
463 696 515 731 dés
528 709 587 742 que
602 700 629 744 je
643 702 686 736 les
701 705 814 744 aurai,
825 707 906 751 j'irai
922 712 1001 746 chez

377 746 481 776 vous,
493 739 562 776 bien
579 742 679 777 marri
679 743 718 779 de
730 756 766 779 ne
775 748 905 792 pouvoir
920 761 941 795 y
954 752 1001 788 al-

376 784 422 818 ler
434 793 503 819 tout
519 786 537 821 à
556 787 680 826 l’heure.
702 790 891 833 Comment,
905 798 952 830 dit
967 801 999 832 le

375 825 479 860 mari?
492 826 614 862 demain
631 840 669 863 au
685 833 805 870 matin;
814 845 866 868 ma
879 834 996 873 femme

372 867 438 900 ſera
459 876 585 903 morte:
603 881 641 904 au
658 882 730 906 nom
746 875 784 910 de
800 877 883 913 Dieu
898 889 996 914 venez

371 918 443 951 tout
454 910 472 944 à
492 912 629 953 l'heure,
649 913 763 958 j'aime
763 917 872 959 mieux
887 931 963 955 vous
973 932 996 963 y

369 956 487 990 porter.
501 952 536 986 Si
547 961 625 985 vous
638 957 749 988 voulez
766 959 898 1002 prendre
909 969 994 996 cette

368 993 481 1026 peine,
497 994 643 1034 répondit
655 996 684 1028 le
695 996 797 1035 Curé,
815 997 842 1038 je
851 999 907 1033 ſuis
922 1009 993 1038 tout

368 1033 440 1074 prêt
455 1034 474 1066 à
490 1036 598 1078 partir.
615 1038 663 1073 Le
683 1039 764 1077 Curé
783 1043 946 1087 s'habille,
963 1048 994 1082 le

368 1076 450 1113 mari
466 1075 494 1111 le
510 1076 624 1123 charge
640 1080 686 1117 ſur
699 1082 753 1118 ſon
763 1084 838 1126 dos,
851 1091 886 1124 &
898 1090 990 1124 l’em-

364 1122 459 1158 porte
476 1116 554 1155 chez
572 1120 627 1156 lui.
644 1122 674 1157 Il
695 1134 717 1166 y
737 1135 850 1161 trouva
872 1136 941 1166 tour
962 1132 993 1164 le

364 1161 480 1193 monde
494 1170 530 1194 en
540 1163 658 1204 pleurs,
672 1166 706 1200 &
724 1167 755 1201 la
766 1167 883 1206 femme
888 1166 907 1208 à
931 1172 990 1207 l’a-

362 1202 481 1244 gonie
464 1203 477 1227 à
494 1209 524 1228 ce
541 1203 617 1243 qu’il
625 1203 780 1240 ſembloit.
804 1205 832 1237 Il
845 1205 989 1234 s’appro-

362 1243 422 1265 che
431 1242 472 1266 du
488 1242 540 1271 lit,
562 1243 605 1269 lui
617 1242 703 1279 parle
715 1242 734 1272 à
744 1243 895 1283 l'oreille,
912 1241 946 1280 &
956 1249 988 1282 ſe

361 1281 506 1310 tournant
530 1288 598 1312 vers
609 1281 653 1314 les
672 1282 814 1319 aſſiſtans.
847 1287 985 1323 Mettez-

359 1324 437 1351 vous
451 1327 519 1352 tous
531 1323 571 1359 en
571 1322 723 1367 oraiſon,
729 1332 794 1359 mes
806 1325 904 1368 amis,
918 1328 983 1364 leur

358 1362 465 1405 dit-il,
481 1365 566 1409 priez
579 1368 662 1406 Dieu
672 1369 711 1407 de
726 1372 770 1408 lui
780 1373 928 1413 redonner
939 1379 986 1411 ſes

356 1407 483 1445 eſprits,
497 1403 557 1441 afin
570 1406 609 1442 de
628 1411 758 1456 pouvoir
769 1416 907 1451 recevoir
926 1417 984 1452 ab-

349 1449 507 1496 ſolution,
523 1456 575 1483 car
588 1449 617 1493 je
631 1462 669 1490 ne
686 1455 767 1492 crois
791 1466 849 1501 pas
866 1459 981 1501 qu’elle
