1962 2826
312 479 422 525 qu'on
447 479 539 513 taille
568 488 600 512 et
625 478 732 524 qu'on
762 479 932 515 brillante.
965 479 1061 514 Cette
1092 481 1243 514 manière
1278 484 1321 514 de

310 531 508 577 s’exprimer
527 532 655 577 portait
670 532 752 566 bien
764 546 806 568 en
820 532 868 568 ſoi
883 534 914 568 le
933 533 1096 567 caractère
1111 534 1153 567 de
1173 536 1319 573 femme,

306 592 344 637 je
361 603 450 624 veux
472 591 544 624 dire
555 591 598 624 de
618 600 669 625 cet
685 591 784 637 eſprit
802 592 1087 626 inviolablement
1105 593 1236 625 attaché
1251 606 1320 626 aux

310 647 516 694 ajuſtemens
531 655 562 680 et
578 658 646 680 aux
664 647 856 694 bagatelles.
879 648 1059 683 L'homme
1084 651 1125 681 de
1155 650 1265 693 génie,
1289 653 1320 682 le

311 701 420 747 grand
438 704 538 748 poëte
552 702 584 736 ſe
602 703 775 739 manifeſte
791 704 873 739 bien
887 704 1138 738 différemment
1157 720 1219 748 par
1239 729 1324 744 cette

311 761 418 795 noble
446 769 478 795 et
495 759 583 795 belle
602 759 818 810 périphraſe:

401 845 462 889 Que
476 846 498 875 le
508 844 561 887 fer
576 855 594 876 a
606 844 692 889 privé
708 846 753 877 des
759 843 878 889 ſources
893 847 927 878 de
943 850 970 878 la
986 848 1043 881 vie.

362 921 476 957 Outre
497 932 565 968 que
593 920 627 956 la
652 923 774 969 penſée
802 925 885 957 d'un
898 935 1042 976 DIEU,
1071 931 1155 956 ſervi
1177 943 1239 967 par
1264 937 1323 958 des

311 994 511 1030 eunuques,
540 995 561 1018 a
588 985 741 1032 quelque
776 981 878 1033 choſe
903 987 946 1020 de
973 986 1132 1029 frappant
1158 998 1219 1028 par
1247 993 1325 1022 elle-

311 1028 447 1078 même,
471 1031 534 1066 elle
560 1033 712 1076 exprime
736 1052 879 1075 encore,
904 1046 988 1074 avec
1011 1047 1082 1074 une
1109 1043 1201 1082 force
1231 1053 1334 1088 mer-

311 1090 492 1132 veilleuſe,
516 1092 615 1126 l'idée
636 1090 683 1122 du
702 1092 815 1134 poëte.
837 1093 933 1125 Cette
952 1098 1102 1124 manière
1120 1100 1162 1123 de
1184 1103 1326 1125 toucher

310 1157 393 1182 avec
405 1148 569 1183 modeſtie
592 1157 625 1181 et
643 1159 727 1182 avec
739 1147 840 1181 clarté
852 1159 920 1181 une
935 1149 1073 1182 matière
1085 1150 1165 1183 auſſi
1182 1150 1325 1184 délicate

310 1213 381 1247 que
390 1205 460 1237 l'eſt
471 1204 553 1238 celle
562 1203 605 1238 de
617 1203 651 1237 la
662 1201 878 1242 mutilation,
892 1207 1072 1237 contribue
1084 1209 1264 1248 beaucoup
1279 1226 1325 1238 au

312 1246 427 1301 plaiſir
446 1255 494 1289 du
525 1256 662 1291 lecteur.
692 1256 742 1291 Ce
770 1257 852 1290 n'eſt
878 1261 979 1301 point
1009 1274 1109 1299 parce
1142 1278 1209 1299 que
1242 1284 1329 1309 cette

308 1312 406 1360 pièce
420 1313 515 1350 m’eft
530 1314 691 1357 adreſſée;
714 1327 750 1351 ce
770 1315 851 1350 n'eſt
869 1319 970 1361 point
982 1332 1083 1360 parce
1109 1326 1184 1361 qu'il
1195 1339 1281 1371 vous
1305 1351 1327 1370 a

309 1371 373 1420 plu
393 1371 435 1408 de
453 1373 525 1409 dire
552 1374 599 1409 du
614 1372 697 1409 bien
716 1374 758 1409 de
779 1378 873 1414 moi,
897 1380 984 1408 mais
1000 1381 1073 1408 c'eſt
1093 1393 1155 1422 par
1172 1386 1203 1423 ſa
1216 1401 1324 1426 bonté

308 1430 522 1479 intrinsèque
537 1442 605 1478 que
622 1431 658 1480 je
676 1435 724 1467 lui
739 1436 816 1468 dois
833 1449 920 1466 mon
940 1444 1172 1478 approbation
1188 1451 1329 1498 entière.

298 1490 344 1537 Je
364 1505 421 1528 me
435 1493 571 1528 doutais
589 1493 671 1529 bien
693 1505 762 1540 que
785 1497 817 1528 le
843 1499 923 1529 dieu
945 1501 1003 1528 des
1028 1503 1140 1543 écoles
1162 1518 1207 1548 ne
1216 1528 1331 1548 pour-

307 1547 374 1580 rait
391 1557 460 1590 que
483 1557 608 1590 gagner
628 1559 671 1580 en
696 1552 827 1591 paſſant
845 1560 908 1592 par
932 1563 995 1588 vos
1018 1573 1141 1595 mains.

359 1602 416 1636 Ne
436 1610 558 1645 croyez
574 1609 658 1643 pas,
674 1601 712 1643 je
727 1610 819 1632 vous
839 1605 933 1643 prie,
954 1615 1023 1642 que
1034 1624 1071 1657 je
1091 1612 1211 1643 pouſſe
1239 1624 1330 1653 mon

307 1653 517 1700 ſcepticiſme
538 1652 559 1689 à
578 1663 752 1689 outrance.
771 1654 801 1688 Il
815 1666 838 1701 y
851 1667 870 1688 a
887 1658 945 1688 des
960 1660 1080 1688 vérités
1096 1674 1163 1698 que
1180 1666 1215 1698 je
1236 1672 1325 1690 crois

309 1707 545 1750 démontrées,
565 1717 597 1742 et
622 1711 709 1743 dont
736 1720 794 1743 ma
818 1716 931 1744 raiſon
954 1726 998 1750 ne
1024 1728 1080 1754 me
1107 1736 1240 1758 permet
1262 1735 1324 1767 pas

309 1767 353 1803 de
383 1769 516 1804 douter.
530 1767 573 1816 Je
597 1767 704 1807 crois,
725 1779 788 1813 par
809 1772 983 1813 exemple,
1004 1774 1086 1814 qu'il
1103 1777 1162 1815 n'y
1180 1789 1200 1801 a
1214 1787 1324 1815 qu'un

308 1834 420 1863 DIEU
445 1835 477 1861 et
498 1824 607 1874 qu'un
639 1826 771 1864 Voltaire
792 1827 876 1862 dans
910 1831 941 1861 le
976 1833 1137 1867 monde;
1169 1836 1205 1872 je
1233 1843 1324 1882 crois

310 1899 433 1923 encore
453 1899 521 1935 que
539 1900 576 1923 ce
598 1897 708 1924 DIEU
727 1887 820 1924 avait
839 1889 958 1925 beſoin
975 1888 1060 1924 dans
1079 1901 1115 1925 ce
1133 1891 1226 1924 ſiècle
1238 1897 1323 1927 d'un

306 1939 439 1980 Voltaire
464 1952 554 1988 pour
579 1940 611 1976 le
637 1941 760 1976 rendre
786 1943 944 1978 aimable.
978 1959 1077 1991 Vous
1110 1960 1192 1992 avez
1221 1969 1317 2002 lavé,

308 2001 449 2048 nettoyé
475 2011 508 2037 et
530 1999 692 2037 retouché
719 2013 768 2037 un
794 2001 898 2038 vieux
930 2006 1065 2037 tableau
1087 2008 1129 2036 de
1154 2009 1318 2050 Raphaël,

310 2066 379 2101 que
392 2055 425 2090 le
441 2057 555 2092 vernis
566 2057 608 2092 de
623 2058 775 2104 quelque
794 2060 1032 2093 barbouilleur
1051 2065 1211 2103 ignorant
1227 2074 1332 2118 avait

305 2110 418 2145 rendu
437 2112 732 2150 méconnaiſſable.

359 2167 407 2201 Le
429 2167 492 2200 but
508 2168 677 2212 principal
700 2186 768 2213 que
782 2176 819 2220 je
838 2178 967 2224 m'étais
985 2180 1131 2214 propoſé
1147 2182 1235 2223 dans
1257 2206 1332 2229 ma

309 2221 498 2272 diſſertation
508 2223 571 2271 ſur
584 2225 744 2276 l'erreur,
754 2232 836 2272 était
847 2236 925 2281 d'en
931 2249 1082 2272 prouver
1090 2238 1320 2290 l'innocence.

1350 529 1458 571 1738.
