1530 2276
503 317 582 357 302

507 397 551 433 de
567 397 691 446 Quiros
713 408 809 444 ayant
829 411 874 447 pu
892 398 1070 438 connoitre
1091 403 1135 439 les
1153 402 1327 439 ſentimens
1343 415 1402 441 ve-

507 443 641 478 ritables
658 447 687 477 &
700 446 858 484 ſinceres,
886 458 953 489 que
971 459 1053 479 nous
1073 459 1176 481 avons
1192 451 1345 489 toujours
1363 463 1405 484 eu

507 513 598 547 pour
612 503 639 537 la
659 503 890 542 conſervation
906 506 948 540 de
970 507 998 541 la
1015 507 1092 553 paix
1108 516 1220 542 autant
1246 509 1368 556 qu’elle
1386 523 1402 545 a

505 564 554 598 pu
584 554 731 591 ſubſiſter
760 567 840 591 avec
860 567 928 591 une
947 554 1058 592 ſûreté
1078 550 1281 594 raiſonnable
1307 569 1401 605 pour

505 610 616 649 notre
616 610 704 650 Etat;
733 610 756 644 il
767 622 851 646 nous
869 611 936 646 fera
952 612 979 647 la
996 612 1109 657 juſtice
1130 615 1205 648 d’en
1224 613 1305 649 faire
1321 624 1397 661 rap-

506 671 588 707 port
599 664 616 699 à
626 665 668 700 V.
678 663 759 707 Maj.
788 665 885 700 Nous
894 663 1010 711 prions
1017 666 1108 702 Dieu
1117 670 1178 701 &c.

884 750 916 795 §.
973 762 1032 794 23.

663 799 731 835 Des
749 810 804 834 cas
820 799 1122 842 extraordinaires,
1152 800 1236 837 dans
1264 801 1400 853 lesquels

658 865 704 895 un
713 854 867 901 Miniſtre
877 864 962 906 part
969 854 1055 902 ſans
1061 853 1202 905 prendre
1213 855 1317 906 congé.

556 910 585 947 Il
601 921 625 955 y
642 921 660 945 a
683 910 740 946 des
756 910 992 948 circonſtances
1010 914 1067 959 qui
1085 923 1227 950 mettent
1245 916 1275 949 le
1291 917 1396 953 Mini-

502 962 565 998 ſtre
583 964 662 998 dans
678 963 706 999 la
725 961 879 1001 néceſſité
898 967 951 1001 de
951 967 996 1002 ſe
1018 967 1138 1001 retirer
1154 966 1222 1001 ſans
1248 970 1396 1014 prendre

485 1011 623 1060 congé,
651 1017 730 1051 mais
749 1019 819 1051 cela
837 1018 882 1053 ne
882 1018 932 1053 ſe
954 1019 1111 1067 pratique
1137 1030 1256 1066 gueres
1283 1019 1395 1069 qu’en

500 1078 551 1102 cas
575 1070 681 1103 d’une
698 1078 838 1115 rupture
857 1078 997 1111 ouverte
1022 1079 1067 1105 ou
1084 1069 1191 1118 qu’en
1216 1083 1268 1112 cas
1288 1074 1393 1118 qu’on

497 1117 575 1155 faſſe
593 1116 739 1165 quelque
757 1129 827 1154 tort
844 1113 984 1157 éclatant
1002 1134 1041 1158 au
1059 1123 1174 1158 Prince
1192 1122 1250 1158 ſon
1269 1125 1392 1161 Maitre

498 1180 545 1204 ou
555 1179 596 1205 au
606 1165 766 1207 caractere
781 1170 1010 1219 repréſentant
1019 1174 1065 1209 du
1072 1174 1231 1214 Miniſtre.

870 1258 901 1306 §.
958 1270 1016 1301 24.

547 1317 596 1352 Le
610 1317 674 1351 Roi
692 1318 734 1353 de
757 1317 880 1353 France
902 1321 1036 1359 LOUIS
1054 1312 1138 1365 XIV.
1147 1326 1252 1363 ayant
1270 1313 1390 1356 recon-

496 1377 542 1400 nu
561 1368 592 1401 le
604 1366 668 1401 Fils
686 1367 729 1401 de
752 1357 892 1414 Jacques
905 1368 943 1401 II.
972 1379 1056 1415 pour
1070 1369 1128 1404 Roi
1139 1369 1170 1404 d’
1180 1366 1388 1418 Angleterre,

497 1416 529 1449 le
546 1415 612 1449 Roi
637 1402 898 1454 GUILLAUME
919 1418 976 1455 III.
1013 1414 1164 1453 ordonna
1188 1419 1207 1453 à
1231 1426 1287 1453 ſon
1306 1424 1388 1454 Am-

495 1469 665 1507 baſſadeur
682 1469 700 1505 à
720 1470 748 1505 la
766 1470 857 1507 Cour
872 1472 915 1508 de
925 1470 1048 1508 France
1066 1471 1097 1509 le
1107 1473 1227 1509 Comte
1238 1475 1280 1509 de
1290 1477 1387 1511 Man-

493 1521 611 1568 cheſter
628 1521 670 1557 de
687 1520 717 1558 ſe
741 1523 869 1565 retirer,
897 1534 935 1557 ce
952 1536 1018 1571 que
1031 1517 1060 1560 le
1072 1525 1222 1563 Miniſtre
1241 1526 1279 1562 ſit
1289 1528 1386 1574 après

494 1575 590 1609 avoir
615 1574 733 1611 notifié
760 1575 818 1611 ſon
845 1574 964 1623 départ
991 1588 1031 1612 au
1061 1577 1243 1614 Secretaire
1266 1579 1298 1615 d’
1310 1582 1386 1616 Etat

493 1628 643 1673 Marquis
655 1628 698 1665 de
712 1631 813 1676 Torcy
822 1641 882 1678 par
898 1631 928 1665 le
937 1630 1032 1668 Billet
1046 1631 1174 1669 ſuivant
1202 1634 1255 1679 (*).

665 1689 828 1733 Monſieur

542 1746 590 1779 Le
599 1741 662 1777 Roi
674 1754 752 1779 mon
763 1745 885 1780 Maitre
897 1743 987 1780 étant
1004 1744 1160 1787 informé,
1178 1756 1244 1793 que
1253 1746 1289 1782 Sa
1301 1750 1380 1793 Maj.

489 1790 814 1830 Très - Chrêtienne
840 1806 857 1829 a
876 1806 1023 1829 reconnu
1040 1808 1084 1830 un
1104 1807 1196 1831 autre
1210 1799 1274 1833 Roi
1293 1802 1334 1836 de
1351 1802 1382 1834 la

490 1833 815 1893 Grande - Bretagne
841 1857 882 1880 ne
904 1850 991 1880 croit
1010 1859 1066 1891 pas
1083 1859 1150 1894 que
1168 1850 1201 1879 ſa
1217 1851 1324 1894 gloire
1350 1855 1381 1885 &

1321 1911 1379 1949 ſon

534 1949 584 1991 (*)
608 1961 636 1985 v.
644 1946 746 1986 Mem.
745 1949 783 1994 de
789 1950 938 1984 Lamberti
946 1954 1071 1987 Tom.I.
1084 1950 1191 1995 p.691.
