1982 2869
700 392 798 428 234

907 376 1093 439 LES
1093 376 1518 439 CABALES.

705 469 794 499 „La
814 479 882 500 mer
897 468 937 500 de
953 467 1159 512 l’Amérique
1182 480 1199 500 a
1220 469 1350 503 marché
1370 482 1441 505 vers
1461 471 1491 504 le
1512 472 1636 516 Phaſe;

696 522 811 571 „Les
821 522 945 565 huitres
965 524 1196 561 d'Angleterre
1215 533 1274 568 ont
1295 523 1398 561 formé
1418 520 1449 567 le
1465 520 1632 569 Caucaſe:

701 583 841 612 „Nous
862 593 893 611 te
913 582 1053 612 l’avions
1069 582 1204 621 appris,
1225 583 1307 612 mais
1324 592 1362 613 tu
1377 583 1435 614 t'es
1452 581 1584 622 éloigné

702 645 801 676 „Du
822 645 888 676 vrai
905 645 974 676 ſens
996 646 1036 677 de
1055 646 1192 680 Platon,
1215 656 1274 686 par
1289 656 1373 677 nous
1389 645 1472 679 ſeuls
1488 644 1652 690 enſeigné.

702 702 873 735 „Lâche!
898 704 1018 736 ofes-tu
1038 704 1115 735 bien
1138 703 1242 736 croire
1258 715 1324 736 une
1343 704 1466 738 effence
1481 706 1687 750 ſuprême?„

698 757 846 803 —Mais
870 759 937 789 oui.
960 760 1044 790 „De
1065 758 1097 788 la
1117 766 1233 791 nature
1249 768 1333 790 as-tu
1353 760 1389 792 lu
1409 759 1439 793 le
1462 759 1634 806 Syſtème?

700 816 805 845 „Par
826 815 870 844 ſes
888 823 1010 854 propos
1032 814 1130 845 diffus
1151 815 1271 846 n’es-tu
1292 825 1349 855 pas
1370 816 1563 861 foudroyé?

699 870 820 915 „Que
840 869 942 902 dis-tu
942 869 989 902 de
1008 883 1041 903 ce
1058 870 1260 912 livre?„—
1277 872 1307 903 Il
1321 873 1385 904 m’a
1401 872 1471 916 fort
1471 878 1646 918 ennuyé…
1661 874 1712 917 (m)

699 931 828 964 „C’en
845 929 886 963 eſt
905 929 1005 970 aſſez,
1027 929 1165 973 ingrat:
1191 938 1222 963 ta
1237 930 1362 977 perfide
1379 932 1544 966 inſolence

698 990 831 1023 „Dans
851 1000 929 1021 mon
951 988 1092 1033 premier
1113 989 1239 1024 concile
1260 1002 1338 1024 aura
1358 989 1389 1021 ſa
1406 990 1627 1036 récompenſe.

698 1050 816 1087 „Va,
840 1051 886 1082 ſot
907 1049 1081 1084 adorateur
1100 1050 1182 1083 d’un
1202 1048 1346 1083 fantôme
1366 1049 1580 1097 impuiſſant,

696 1109 833 1140 „Nous
852 1108 993 1140 t’avions
1010 1107 1166 1152 juſqu’ici
1187 1105 1335 1154 préſervé
1356 1109 1402 1141 du
1422 1111 1542 1149 néant;

695 1168 834 1199 „Nous
855 1167 901 1210 t’y
917 1168 1024 1199 ferons
1044 1176 1192 1205 rentrer,
1215 1166 1293 1200 ainſi
1314 1177 1379 1210 que
1399 1178 1434 1200 ce
1455 1170 1557 1211 grand
1579 1170 1647 1203 être

697 1221 818 1264 „Que
842 1231 876 1252 tu
890 1225 1012 1264 prends
1034 1225 1208 1256 baſſement
1227 1234 1315 1265 pour
1331 1231 1389 1254 ton
1407 1225 1534 1267 unique
1550 1222 1681 1258 maître.

699 1277 794 1306 „De
811 1284 876 1306 mes
898 1274 997 1312 amis,
1021 1277 1061 1307 de
1082 1276 1151 1306 moi
1172 1284 1207 1306 tu
1228 1279 1310 1308 ſeras
1326 1279 1515 1321 mépriſé.„

698 1332 853 1367 —Soit.
878 1335 1011 1368 „Nous
1030 1333 1227 1368 inſulterons
1247 1334 1265 1366 à
1286 1341 1343 1366 ton
1366 1335 1460 1378 génie
1481 1337 1596 1374 uſé.„

692 1389 817 1445 —J'y
836 1402 979 1436 conſens.
1001 1389 1103 1435 „Des
1123 1389 1224 1433 fatras
1234 1389 1273 1430 de
1292 1387 1467 1433 brochures
1490 1389 1562 1429 ſans
1567 1401 1714 1439 nombre

692 1453 825 1484 „Dans
835 1460 866 1483 ta
873 1451 961 1483 bière
977 1449 995 1481 à
1008 1452 1125 1495 grands
1138 1452 1211 1485 flots
1222 1463 1303 1487 vont
1315 1453 1443 1487 tomber
1454 1454 1507 1486 ſur
1516 1462 1574 1487 ton
1583 1454 1707 1489 ombre.

690 1512 797 1556 —Je
818 1513 895 1545 n’en
912 1513 1045 1545 ſentirai
1064 1514 1145 1546 rien.
1169 1517 1302 1548 „Nous
1320 1514 1624 1549 t’abandonnerons

691 1569 813 1600 „Aux
823 1569 967 1615 puiſſans
977 1568 1215 1615 Langlevieux,
1229 1581 1293 1602 aux
1304 1571 1482 1605 immortels
1492 1573 1641 1607 Frérons.
1664 1570 1706 1616 (n)

749 1629 827 1663 Ah!
848 1631 1014 1664 bachelier
1024 1633 1070 1664 du
1083 1631 1218 1670 Diable,
1232 1641 1279 1662 un
1288 1641 1356 1673 peu
1365 1629 1438 1674 plus
1451 1630 1708 1680 d’indulgence;

690 1686 784 1717 Nous
801 1694 922 1721 avons,
944 1695 1026 1718 vous
1042 1686 1067 1717 &
1083 1685 1170 1724 moi,
1193 1685 1308 1719 beſoin
1325 1688 1366 1719 de
1382 1686 1562 1719 tolérance.

691 1743 768 1789 Que
788 1744 996 1779 deviendrait
1016 1747 1046 1778 le
1066 1748 1187 1778 monde
1210 1749 1236 1780 &
1253 1749 1284 1780 la
1302 1748 1447 1794 ſociété,

692 1800 727 1833 Si
746 1807 843 1836 tout,
861 1800 993 1841 juſqu’à
1012 1802 1155 1839 l’athée,
1177 1803 1255 1833 était
1275 1803 1345 1834 ſans
1360 1799 1513 1841 charité?

688 1861 863 1891 Permettez
894 1857 1063 1898 qu'ici-bas
1086 1852 1213 1897 chacun
1225 1853 1300 1891 faſſe
1321 1857 1346 1895 à
1358 1855 1397 1887 ſa
1417 1856 1495 1890 tête.

684 1910 852 1956 J'avoûrai
873 1910 1075 1954 qu'Epicure
1091 1912 1177 1943 avait
1196 1921 1263 1943 une
1288 1922 1358 1944 ame
1381 1911 1546 1953 honnête,

687 1967 773 2001 Mais
796 1966 826 1998 le
847 1968 949 2010 grand
973 1965 1203 2002 Marc-Aurèle
1224 1967 1301 2002 était
1321 1967 1394 2014 plus
1417 1978 1586 2004 vertueux.

687 2026 830 2058 Lucrèce
852 2025 938 2058 avait
958 2025 1002 2059 du
1019 2025 1112 2065 bon,
1136 2025 1278 2060 Cicéron
1295 2026 1394 2061 valait
1409 2029 1531 2061 mieux.

688 2089 828 2135 Spinoſa
849 2090 1048 2135 pardonnait
1069 2091 1087 2123 à
1109 2102 1191 2123 ceux
1210 2093 1291 2127 dont
1311 2095 1342 2127 la
1361 2094 1505 2129 faibleſſe

686 2148 779 2179 D'un
805 2152 935 2178 moteur
956 2145 1079 2180 éternel
1100 2146 1249 2182 admirait
1268 2148 1299 2181 la
1318 2148 1445 2192 ſageſſe.

684 2204 720 2249 Je
742 2204 825 2237 crois
846 2206 929 2248 qu’il
950 2205 992 2238 eſt
1013 2217 1059 2239 un
1080 2206 1193 2246 Dieu;
1221 2216 1304 2242 vous
1324 2208 1394 2240 oſez
1413 2208 1444 2241 le
1463 2206 1545 2240 nier.

687 2270 886 2301 Examinons
900 2269 936 2308 le
955 2268 1015 2304 fait
1034 2268 1103 2306 ſans
1124 2272 1208 2307 nous
1229 2275 1381 2313 injurier.
