1700 2469
465 472 522 511 Le
551 463 855 511 Chardonneret.

244 552 304 583 Un
323 550 400 591 beau
399 545 645 590 Chardonneret,
662 549 769 578 voyant
783 552 840 584 que
857 544 905 572 des
921 546 1030 577 Anons,

258 602 335 632 Avec
349 595 438 639 grand
454 596 580 639 appetit,
601 595 776 627 devoroient
797 598 845 625 des
862 597 1023 631 Chardons,

216 652 319 687 S’écria
330 649 388 684 très
408 649 531 693 ſurpris:
554 657 643 685 voyez
658 655 701 676 ces
717 648 937 688 Quadrupedes,

384 704 483 741 Qu'on
506 702 555 735 oſe
577 699 714 744 mépriſer
729 709 779 741 par
792 702 877 743 tout!

217 760 266 789 On
282 762 351 800 peut
367 755 440 796 dire,
456 755 478 786 il
493 756 533 786 eſt
546 753 623 790 vrai,
637 761 693 792 que
710 761 754 782 ces
770 751 850 781 Bêtes
870 752 932 781 ſont
947 751 1046 787 laides,

259 806 333 835 Mais
350 803 372 834 il
389 799 450 832 faut
466 803 603 833 convenir
619 801 737 842 qu’elles
753 802 816 844 ſont
832 803 865 839 de
884 804 942 844 bon
958 802 1046 845 Goût.

304 854 352 885 Ne
365 852 623 898 raiſonnons-nous
639 865 689 890 pas
709 854 745 893 de
761 855 884 900 même?

217 903 340 941 Penſez,
356 913 468 934 comme
484 908 511 941 je
525 905 631 943 penſe;
651 906 743 945 aimez
760 913 823 945 tout
841 914 872 950 ce
889 926 945 947 que
957 907 1069 948 j'aime;

261 956 370 999 Reglez
386 971 462 996 vous
476 965 526 994 ſur
540 965 601 995 moi
624 955 704 993 ſeul;
726 957 810 997 vivez
827 965 941 996 comme
955 958 983 987 je
999 955 1059 997 vis:

263 1011 346 1042 Vous
359 1009 437 1041 ſerez
451 1006 488 1038 de
502 1008 561 1039 bon
575 1008 666 1046 Goût,
679 1018 715 1034 au
733 1008 827 1052 moins
844 1005 860 1051 à
872 1017 945 1047 mon
960 1007 1031 1050 avis.

261 1103 330 1142 Sans
353 1100 401 1132 les
416 1099 545 1132 derniers
570 1103 672 1138 quatre
686 1097 775 1138 Vers,
800 1096 862 1127 c'eſt
877 1095 891 1125 à
907 1095 988 1133 dire,
1012 1095 1074 1136 ſans
1089 1095 1120 1138 la

221 1138 376 1172 Reflexion
397 1138 439 1170 du
451 1141 611 1174 Fabuliſte,
632 1142 660 1181 la
678 1143 759 1183 Piece
783 1149 820 1182 ne
842 1144 929 1186 ſeroit
945 1152 993 1182 pas
1011 1144 1119 1181 intelli-

223 1179 331 1228 gible,
347 1179 436 1226 pour
451 1190 518 1211 ceux
539 1184 602 1219 qui
602 1187 751 1218 ignorent
771 1192 828 1217 que
851 1187 880 1225 le
901 1188 1123 1226 Chardonneret

224 1227 302 1256 aime
324 1224 338 1253 à
360 1223 387 1255 la
409 1222 513 1254 fureur
533 1223 583 1259 les
583 1225 687 1258 grains
705 1227 746 1248 du
758 1228 916 1272 Chardon,
937 1232 1009 1265 dont
1025 1230 1045 1269 il
1065 1232 1121 1268 tire

223 1266 286 1297 ſon
286 1268 366 1296 nom
375 1264 422 1302 en
422 1263 518 1304 gréc,
530 1271 562 1291 en
575 1264 671 1302 latin,
684 1271 721 1289 en
733 1268 856 1296 italien,
873 1282 907 1306 en
923 1271 1069 1297 françois,
1085 1283 1123 1315 en

225 1307 371 1340 allemand
393 1309 423 1337 &
441 1317 478 1338 en
501 1305 676 1337 hollandois.
723 1308 891 1342 Cependant
912 1317 1028 1349 comme
1043 1314 1063 1350 il
1082 1314 1123 1350 eſt

226 1350 284 1384 très
299 1351 405 1395 permis
425 1346 572 1391 d’ignorer
586 1349 621 1379 de
635 1350 739 1391 petites
755 1353 957 1395 circonſtances
977 1356 1123 1397 pareilles,

225 1399 254 1441 je
271 1409 306 1430 ne
320 1395 383 1442 puis
398 1406 454 1439 que
469 1393 683 1439 désapprouver
697 1402 787 1431 ceux,
804 1398 855 1434 qui
880 1399 1039 1439 n’écrivent
1059 1410 1123 1441 cer-

226 1449 319 1482 taines
333 1443 449 1488 Fables,
467 1453 524 1487 que
541 1453 617 1487 pour
634 1441 675 1477 les
691 1440 797 1476 Plines
812 1445 976 1490 modérnes.

271 1520 312 1550 La
340 1516 554 1556 connoiſſance,
575 1525 632 1558 que
659 1536 734 1555 nous
755 1539 845 1557 avons
869 1528 934 1563 tous
957 1531 1125 1567 commune-

228 1577 311 1602 ment
326 1568 378 1600 des
392 1564 570 1602 caractéres,
592 1564 630 1594 du
650 1565 785 1601 naturel,
799 1576 847 1602 des
863 1568 1000 1612 facultés,
1017 1572 1065 1616 des
1080 1573 1126 1611 in-

228 1606 391 1648 clinations,
408 1618 456 1647 des
475 1626 572 1649 vertus
588 1611 617 1649 &
631 1610 683 1653 des
696 1612 774 1654 vices
792 1615 844 1655 &c.
862 1615 896 1653 de
912 1622 981 1653 tous
993 1625 1045 1657 nos
1056 1618 1127 1657 Ani-

231 1665 318 1687 maux
334 1664 458 1693 connus,
481 1656 577 1687 donne
592 1656 606 1684 à
623 1656 797 1696 l’Apologue
813 1660 864 1697 des
878 1678 1032 1699 avantages
1048 1663 1127 1704 inex-

232 1695 409 1735 primables,
439 1701 486 1727 ſur
512 1718 606 1739 toutes
626 1701 669 1742 les
690 1705 786 1745 autres
810 1704 941 1747 Fictions
965 1707 1126 1754 poëtiques.

233 1737 288 1765 Les
307 1735 471 1768 Caractéres
496 1745 675 1773 immüables
697 1748 734 1789 de
759 1756 815 1790 nos
838 1750 1000 1792 Animaux
1003 1752 1132 1788 ſoutien-

234 1777 321 1809 dront
333 1776 348 1805 à
361 1780 462 1814 jamais
479 1786 655 1819 l’Apologue
669 1791 718 1829 ſur
732 1792 761 1830 le
779 1793 919 1833 Parnaſſe.
963 1801 1004 1829 Le
1023 1795 1128 1834 Poëme

235 1821 346 1863 Epique
361 1823 406 1849 n’a
427 1827 468 1860 pû
482 1836 624 1875 manquer
644 1835 690 1872 d’y
707 1836 839 1878 tomber,
863 1838 964 1876 depuis
985 1838 1131 1879 l'extirpa-

234 1869 299 1900 tion
323 1866 359 1898 du
374 1867 545 1905 Paganiſme.
592 1880 665 1922 C'eſt
687 1880 713 1921 le
738 1880 955 1922 Chriſtianiſme
980 1880 1060 1929 ſeul,
1079 1880 1131 1924 qui

234 1911 367 1954 s’oppoſe
385 1908 400 1943 à
419 1910 447 1939 la
465 1921 580 1951 fortune
592 1923 629 1966 de
640 1928 694 1963 nos
706 1925 826 1963 Poëmes
832 1927 967 1966 Epiques,
982 1936 1041 1969 aux
1048 1922 1131 1966 quels

237 1952 264 1985 le
284 1952 509 1987 Proteſtantiſme
525 1962 542 1981 a
554 1966 641 1992 porté
657 1967 687 2004 le
698 1967 818 2007 dernier
833 1976 919 2013 coup,
931 1965 975 2005 en
987 1966 1015 2003 ſe
1029 1966 1130 2008 revol-

238 2005 302 2031 tant
316 2008 417 2033 contre
431 1996 472 2029 les
488 1998 580 2029 Saints
595 2005 624 2029 &
639 2005 680 2029 les
696 2021 819 2048 Saintes,
833 2016 890 2053 qui
903 2014 1041 2049 devoient
1055 2018 1129 2050 rem-

238 2038 336 2083 placer
349 2043 391 2074 les
409 2041 552 2074 Divinités
570 2048 608 2070 du
624 2054 801 2096 Paganiſme.
