1899 2589
688 289 766 336 384

831 297 977 348 UN
977 297 1547 348 CHRETIEN

732 403 1048 444 XXIIIᵐᵉ
1106 400 1635 442 NIAISERIE.

1063 515 1131 551 Des
1154 509 1316 565 poliſſons.

729 608 781 652 JE
804 607 870 641 ſuis
895 605 975 640 bien
999 605 1176 644 honteux,
1202 605 1401 644 Monſieur,
1428 614 1516 647 pour
1540 615 1626 639 vous
1652 604 1682 640 &

688 666 777 699 pour
799 655 887 693 moi,
905 654 948 687 de
964 664 1071 688 toutes
1090 667 1142 688 ces
1157 654 1337 689 niaiſeries.
1353 656 1448 690 Vous
1465 654 1647 699 reprochez
1660 652 1683 687 à

686 727 771 748 mon
789 715 858 748 ami
881 714 1009 748 d'avoir
1032 713 1152 758 appelé
1172 714 1219 747 les
1243 712 1336 757 Juifs
1357 712 1524 760 poliſſons:
1541 726 1577 748 ce
1602 714 1684 749 n'eſt

687 781 748 813 pas
771 769 806 804 là
830 771 889 804 ſon
914 770 1004 818 ſtyle.
1030 772 1127 806 Vous
1152 770 1233 803 citez
1260 781 1309 802 un
1331 767 1415 801 livre
1439 767 1523 813 qu'il
1541 767 1597 800 n'a
1619 777 1682 811 pas

689 825 777 864 fait,
814 824 827 859 &
851 824 934 872 qu'il
952 825 996 858 eſt
1010 823 1186 868 incapable
1204 824 1331 860 d'avoir
1347 817 1420 861 fait.

731 878 774 921 Je
799 891 842 911 ne
862 877 923 912 ſais
946 890 1005 922 pas
1028 877 1113 910 dans
1131 878 1211 922 quel
1235 877 1363 912 arſenal
1379 888 1464 911 vous
1484 888 1606 922 prenez
1620 888 1682 911 vos

689 947 809 968 armes.
821 932 992 967 Peut-être
1002 934 1087 967 dans
1098 933 1263 977 quelques
1274 931 1384 966 lettres
1399 933 1440 965 de
1451 932 1681 978 plaiſanterie,

690 999 733 1021 en
753 989 888 1032 parlant
910 988 951 1021 de
975 988 1246 1033 quarante-deux
1267 987 1386 1021 enfans
1412 988 1473 1032 qui
1497 995 1683 1020 coururent

689 1046 789 1090 après
803 1046 900 1093 Eliſée
908 1058 981 1080 vers
997 1046 1131 1084 Béthel,
1144 1045 1173 1080 &
1192 1044 1253 1091 qui
1268 1044 1317 1077 Iui
1332 1043 1471 1078 criaient
1487 1045 1540 1078 tête
1553 1045 1682 1082 chauve,

689 1113 773 1135 mon
791 1103 859 1137 ami
875 1102 945 1137 s'eſt
960 1102 1043 1137 ſervi
1061 1102 1108 1136 du
1128 1110 1232 1135 terme
1252 1100 1293 1134 de
1313 1098 1414 1145 petits
1434 1100 1607 1146 poliſſons.
1629 1102 1683 1135 En

689 1159 783 1200 effet,
803 1160 827 1193 il
844 1157 903 1204 n'y
920 1169 939 1190 a
952 1169 1018 1204 que
1032 1158 1090 1192 des
1105 1158 1224 1191 enfans
1243 1156 1311 1190 mal
1332 1156 1444 1200 appris
1463 1155 1523 1201 qui
1537 1156 1684 1201 puiſſent

690 1212 775 1247 crier
799 1211 865 1246 tête
888 1211 1021 1247 chauve
1040 1208 1061 1244 à
1087 1224 1136 1245 un
1158 1208 1326 1256 prophète
1352 1209 1412 1255 qui
1438 1209 1492 1244 n'a
1514 1209 1614 1256 point
1640 1211 1683 1244 de

690 1269 856 1304 cheveux.
869 1269 935 1303 Ces
947 1268 1048 1313 petits
1066 1279 1209 1313 garçons
1218 1266 1344 1302 étaient
1357 1268 1515 1302 defrancs
1525 1267 1681 1315 poliſſons,

689 1325 749 1370 qui
767 1325 957 1360 méritaient
969 1326 1049 1361 bien
1062 1325 1165 1360 d'être
1183 1325 1328 1360 châtiés:
1343 1324 1425 1359 auſſi
1440 1326 1472 1359 le
1493 1323 1681 1364 furent-ils,

690 1381 720 1417 &
732 1381 832 1416 d'une
844 1380 992 1415 manière
1003 1381 1083 1415 aſſez
1094 1379 1180 1414 forte
1192 1390 1281 1425 pour
1290 1378 1339 1412 les
1351 1388 1470 1413 mettre
1485 1378 1566 1413 hors
1579 1377 1683 1413 d'état

690 1438 733 1471 de
749 1436 924 1472 récidiver.

740 1495 788 1526 Le
811 1490 975 1526 révérend
987 1492 1066 1537 père
1080 1492 1195 1526 Calmet
1209 1491 1347 1526 intitule
1362 1490 1443 1525 ainſi
1459 1491 1491 1525 le
1503 1491 1684 1525 deuxième

692 1549 844 1594 chapitre
858 1548 906 1582 du
917 1550 1102 1594 quatrième
1110 1549 1194 1583 livre
1204 1551 1260 1584 des
1270 1550 1371 1584 Rois:
1382 1549 1479 1596 Eliſée
1482 1548 1551 1593 fait
1560 1550 1684 1583 dévorer

682 1606 748 1649 par
767 1603 816 1635 des
833 1613 903 1635 ours
922 1608 1067 1646 quarante
1087 1600 1192 1645 enfans
1214 1601 1268 1647 qui
1286 1601 1417 1635 s’étaient
1433 1600 1546 1646 moqués
1570 1602 1604 1635 de
1623 1601 1679 1636 lui.

690 1661 804 1695 Calmet
815 1659 845 1692 ſe
857 1666 1009 1703 trompe;
1015 1657 1054 1691 ils
1064 1657 1189 1691 étaient
1200 1657 1488 1702 quarante-deux;
1504 1658 1682 1692 l’Ecriture

690 1727 713 1762 y
735 1714 780 1748 eſt
805 1714 959 1760 expreſſe.
974 1715 1016 1758 Je
1037 1726 1080 1748 ne
1106 1714 1192 1747 dirai
1209 1725 1270 1758 pas
1293 1723 1338 1746 au
1360 1712 1439 1757 père
1455 1713 1537 1747 dom
1552 1714 1681 1753 Calmet,

691 1771 778 1804 dont
790 1768 949 1814 j'honore
967 1769 1000 1803 la
1018 1768 1199 1803 mémoire:
1209 1770 1297 1804 Mon
1309 1767 1474 1804 révérend
1487 1768 1581 1812 père,
1594 1779 1681 1801 vous

688 1821 735 1858 ne
766 1825 858 1857 favez
891 1823 928 1857 ni
963 1823 994 1858 le
1028 1835 1102 1869 grec
1134 1826 1171 1858 ni
1200 1823 1388 1870 I'hébreu;
1405 1835 1492 1857 vous
1518 1824 1681 1857 traduiſez

692 1890 857 1925 quarante
892 1883 1009 1926 quand
1037 1882 1062 1915 il
1092 1881 1164 1916 faut
1199 1879 1346 1915 traduire
1380 1880 1680 1925 quarante - deux.

693 1941 748 1974 M.
773 1938 909 1972 Larcher
933 1948 1018 1970 vous
1048 1937 1243 1969 relancera:
1260 1945 1345 1968 vous
1368 1935 1479 1968 auriez
1502 1934 1590 1969 beau
1610 1936 1683 1969 dire

692 2002 760 2035 que
780 2003 864 2024 vous
883 1988 985 2025 n'êtes
1003 2002 1061 2035 pas
1078 1991 1263 2025 correƈteur
1281 1989 1565 2036 d'imprimerie;
1558 1987 1593 2038 je
1595 2000 1679 2022 vous

692 2050 773 2083 ferai
793 2048 888 2084 ſiffler
907 2049 990 2082 dans
1006 2056 1098 2080 toute
1117 2047 1151 2079 la
1173 2060 1233 2081 rue
1252 2048 1283 2080 Sᵗ
1296 2045 1460 2091 Jacques,
1480 2056 1567 2090 pour
1585 2045 1680 2080 avoir

693 2106 807 2141 oublié
824 2105 914 2139 deux
929 2104 1027 2148 petits
1044 2114 1197 2147 garçons.

1637 2167 1675 2219 Je
