1962 2877
714 439 796 481 308

863 445 1141 486 REMARQUES
1174 449 1259 481 SUR
1292 449 1588 483 SOPHONISBE.

712 518 816 562 qu’on
829 518 976 562 mépriſe.
994 519 1117 566 Quand
1126 521 1157 553 le
1169 522 1266 555 vieux
1277 524 1355 555 Don
1365 523 1482 565 Diegue
1493 522 1542 555 dit
1553 524 1571 555 à
1583 525 1732 567 Rodrigue

710 576 768 608 ſon
788 575 862 609 fils:

876 641 1008 670 L'amour
1020 640 1086 670 n'eſt
1098 639 1186 680 qu'un
1199 641 1308 681 plaiſir,
1323 641 1474 673 l'honneur
1487 643 1524 674 eſt
1538 655 1577 674 un
1588 642 1707 676 devoir:

709 723 734 756 il
752 722 879 756 n’avilit
894 722 990 766 point
1015 724 1189 765 Rodrigue,
1208 725 1232 756 il
1254 726 1284 758 le
1309 726 1390 759 rend
1412 727 1519 759 même
1545 726 1618 771 plus
1645 727 1730 760 inté-

712 769 844 805 reſſant,
870 779 911 799 en
933 775 1073 800 mettant
1094 780 1156 799 aux
1176 771 1273 813 priſes
1298 772 1329 803 ſa
1348 770 1470 816 paſſion
1492 783 1571 807 avec
1592 774 1730 806 l’amour

708 820 815 865 filial;
825 820 904 850 mais
929 819 950 851 ſi
972 832 1018 851 un
1042 821 1172 864 envoyé
1188 822 1228 854 de
1246 825 1367 865 Pompée
1387 823 1497 857 venait
1511 823 1685 868 reprocher
1709 826 1728 857 à

709 869 885 905 Mithridate
912 868 944 902 ſa
969 868 1108 905 faibleſſe
1129 880 1214 914 pour
1232 873 1386 912 Monime,
1414 873 1465 906 s’il
1486 873 1631 906 inſultait
1646 884 1727 906 avec

708 927 777 948 une
793 915 931 950 dériſion
949 918 1054 950 amère
1075 928 1116 950 au
1129 919 1264 951 ridicule
1278 921 1357 952 d’un
1370 920 1518 954 vieillard
1530 930 1726 959 amoureux,

702 968 820 1010 jaloux
845 969 886 1002 de
913 969 960 1002 ſes
993 969 1080 1002 deux
1113 970 1249 1009 enfans,
1274 973 1449 1006 Mithridate
1472 984 1514 1005 ne
1537 973 1630 1006 ſerait
1650 971 1724 1017 plus

708 1028 928 1072 ſupportable.

750 1073 779 1099 Il
804 1071 904 1110 paraît
935 1080 1000 1111 que
1033 1071 1131 1103 Lélius
1152 1069 1184 1102 ſe
1210 1079 1332 1114 moque
1359 1069 1653 1106 continuellement
1683 1074 1726 1106 de

707 1119 892 1166 Maſſiniſſe,
917 1129 949 1153 et
970 1132 1034 1163 que
1053 1132 1089 1152 ce
1109 1122 1219 1166 prince
1237 1121 1435 1170 n’exprime,
1450 1123 1485 1157 ni
1499 1124 1576 1158 aſſez
1595 1137 1631 1158 ce
1648 1126 1729 1170 qu’il

708 1175 781 1209 doit
795 1174 884 1215 dire,
909 1177 944 1209 ni
959 1178 1037 1211 aſſez
1050 1177 1129 1211 bien
1144 1189 1179 1210 ce
1194 1177 1275 1222 qu'il
1288 1180 1348 1213 dit.

872 1252 949 1295 Quel
965 1252 1084 1285 ridicule
1099 1253 1191 1294 eſpoir
1204 1264 1239 1284 en
1252 1254 1386 1295 garderait
1397 1266 1468 1284 mon
1481 1265 1560 1290 ame,

871 1305 901 1334 Si
917 1312 993 1335 votre
1008 1302 1103 1334 dureté
1117 1315 1163 1334 me
1178 1304 1266 1336 refuſe
1283 1316 1329 1335 ma
1342 1306 1472 1338 femme?

869 1356 954 1386 Eſt-il
964 1356 1024 1386 rien
1039 1355 1102 1395 plus
1116 1355 1133 1386 à
1145 1355 1221 1391 moi,
1240 1355 1299 1386 rien
1313 1356 1378 1396 plus
1391 1357 1408 1388 à
1419 1358 1573 1390 balancer?

750 1431 849 1462 Lélius
862 1429 989 1473 répond
1005 1429 1023 1461 à
1039 1439 1091 1461 ces
1105 1439 1177 1463 vers
1193 1429 1380 1474 comiques,
1395 1441 1459 1474 que
1473 1432 1505 1465 ſa
1515 1432 1635 1467 femme
1646 1433 1724 1468 n'eſt

706 1482 802 1520 point
822 1481 854 1512 ſa
873 1479 1023 1526 femme;
1042 1480 1074 1512 le
1099 1480 1234 1513 numide
1251 1491 1294 1513 ne
1316 1482 1404 1526 parle
1425 1482 1508 1515 alors
1529 1494 1593 1527 que
1609 1485 1649 1517 de
1666 1483 1726 1517 ſon

707 1540 821 1561 amour
834 1531 972 1568 fidelle,
989 1532 1030 1563 de
1046 1542 1083 1563 ce
1098 1531 1201 1574 qu’un
1220 1532 1318 1575 digne
1331 1543 1445 1566 amour
1458 1535 1569 1568 donne
1590 1535 1726 1576 d’impa-

707 1580 837 1613 tience,
854 1579 911 1609 des
929 1588 1057 1611 amours
1080 1580 1120 1610 de
1142 1582 1230 1612 Mars
1248 1588 1280 1612 et
1297 1581 1338 1626 de
1353 1581 1505 1628 Jupiter;
1523 1582 1549 1615 il
1571 1583 1620 1615 dit
1644 1582 1726 1625 qu’il

707 1636 752 1658 ne
767 1633 847 1658 veut
861 1626 975 1668 régner
991 1635 1023 1657 et
1040 1627 1132 1660 vivre
1148 1639 1212 1668 que
1225 1629 1310 1660 dans
1326 1630 1374 1661 les
1386 1630 1456 1662 bras
1472 1632 1512 1661 de
1525 1630 1728 1674 Sophonisbe:

706 1678 732 1709 il
752 1675 840 1723 parle
866 1674 1039 1720 beaucoup
1061 1673 1134 1720 plus
1159 1677 1364 1712 tendrement
1387 1679 1427 1711 de
1446 1680 1478 1712 ſa
1496 1678 1618 1723 paſſion
1639 1691 1725 1724 pour

707 1731 770 1763 elle
792 1729 811 1762 à
833 1729 954 1767 Lélius,
974 1728 1055 1774 qu’il
1080 1727 1157 1764 n’en
1175 1729 1263 1775 parle
1281 1731 1298 1765 à
1316 1731 1516 1780 elle-même;
1534 1740 1566 1767 et
1580 1744 1637 1779 par
1656 1733 1685 1767 là
1700 1737 1726 1770 il

707 1787 866 1821 redouble
883 1782 914 1814 le
934 1779 1052 1826 mépris
1078 1791 1142 1826 que
1166 1783 1264 1817 Lélius
1283 1782 1330 1816 lui
1354 1782 1530 1828 témoigne.
1556 1785 1724 1822 C’était-là

706 1841 863 1875 pourtant
878 1843 944 1865 une
959 1832 1045 1867 belle
1067 1831 1213 1866 occaſion
1229 1833 1270 1868 de
1286 1834 1447 1879 répondre
1465 1846 1543 1868 avec
1565 1836 1690 1881 dignité
1706 1839 1725 1871 à

708 1894 828 1925 Lélius,
840 1882 881 1908 de
897 1879 973 1909 faire
983 1875 1093 1911 valoir
1105 1880 1153 1910 les
1169 1880 1271 1910 droits
1288 1881 1345 1912 des
1358 1880 1423 1912 rois
1441 1888 1474 1911 et
1489 1878 1546 1912 des
1568 1888 1722 1926 nations,

708 1932 884 1978 d’oppoſer
900 1932 931 1965 la
949 1932 1100 1967 violence
1124 1934 1272 1969 africaine
1288 1936 1306 1969 à
1320 1934 1351 1968 la
1375 1935 1534 1979 grandeur
1558 1936 1721 1977 romaine,

708 1985 751 2017 de
770 1981 930 2028 repouſſer
952 1982 1109 2026 l’outrage
1130 1996 1187 2029 par
1210 1984 1389 2030 l’outrage,
1413 1998 1454 2019 au
1474 1987 1542 2021 lieu
1563 1989 1604 2021 de
1625 1988 1724 2031 jouer

704 2042 738 2080 le
755 2042 831 2081 rôle
864 2041 924 2078 d'un
954 2042 1033 2072 valet
1055 2043 1120 2082 qui
1126 2037 1193 2075 s'eſt
1217 2040 1317 2078 marié
1338 2040 1406 2077 ſans
1428 2037 1459 2075 la
1477 2031 1663 2075 permiſſion
1685 2034 1723 2076 de

707 2088 770 2126 ſon
791 2095 922 2123 maître;
940 2082 963 2114 il
979 2083 1123 2117 ſoutient
1145 2094 1181 2116 ce
1200 2083 1411 2117 malheureux
1426 2085 1626 2129 perſonnage
1641 2084 1721 2121 dans

707 2137 739 2166 la
763 2136 856 2166 ſcène
877 2135 1025 2166 ſuivante
1046 2144 1125 2167 avec
1149 2134 1362 2182 Sophonisbe;
1381 2134 1406 2169 il
1426 2139 1457 2169 la
1476 2136 1546 2181 prie
1565 2136 1606 2168 de
1628 2138 1722 2172 venir

709 2187 885 2213 demander
903 2183 995 2225 grâce
1010 2192 1089 2215 avec
1104 2183 1152 2215 lui
1167 2185 1186 2216 à
1205 2184 1354 2227 Scipion:
1373 2194 1406 2219 et
1427 2186 1514 2219 enfin
1533 2184 1565 2218 la
1579 2186 1721 2225 faibleſſe

710 2236 751 2262 de
761 2235 808 2260 ſes
821 2234 1014 2273 expreſſions
1027 2242 1070 2263 ne
1083 2234 1211 2274 répond
1225 2241 1288 2275 que
1300 2241 1372 2275 trop
1383 2234 1401 2265 à
1416 2234 1497 2266 celle
1509 2232 1550 2265 de
1565 2233 1624 2266 ſon
1636 2244 1717 2270 ame.

753 2295 831 2338 (Fin
844 2297 879 2327 de
898 2295 927 2325 la
930 2293 1060 2344 ſcène.)
1063 2292 1223 2339 Maſſiniſſe
1237 2295 1340 2339 paraît
1356 2297 1435 2329 dans
1446 2307 1493 2329 un
1508 2288 1720 2336 aviliſſement
