1547 2292
552 419 592 449 Et
606 421 663 452 l’un
677 422 703 451 &
718 424 817 456 l’autre
834 434 916 463 camp
931 427 973 459 les
990 437 1100 472 voyant
1114 436 1236 475 retirés,

551 462 613 494 Ont
627 465 707 503 quité
723 468 750 496 le
767 469 884 501 combat
899 471 926 502 &
942 476 969 505 ſe
989 476 1055 507 ſont
1072 477 1193 520 ſéparés.

547 498 587 529 Et
603 502 663 531 moi
679 502 707 531 le
723 512 802 535 cœur
816 506 985 547 tremblant,
1006 514 1035 544 &
1052 515 1133 547 l’ame
1148 522 1231 550 toute
1245 519 1350 558 émue,

546 541 626 574 D'un
638 544 659 573 ſi
673 543 784 576 funeſte
799 548 880 585 objet
891 550 938 585 j'ai
953 551 1096 587 détourné
1110 557 1137 587 la
1150 566 1227 595 vue,

545 578 595 610 De
607 590 640 610 ce
656 583 759 614 Prince
775 583 919 619 admirant
931 588 1095 630 l'héroïque
1111 594 1218 627 fureur.

817 626 1071 672 JOCASTE.

543 653 668 687 Comme
680 663 753 687 vous
765 658 793 696 je
805 659 950 699 l’admire,
963 665 991 694 &
1007 670 1064 705 j’en
1080 669 1178 702 frémis
1196 671 1360 707 d'horreur.

540 696 626 732 Eſt-il
640 699 778 742 poſſible,
801 704 821 735 ô
837 705 949 739 Dieux!
968 709 1099 752 qu'après
1116 721 1151 743 ce
1168 716 1260 757 grand
1278 721 1362 751 mira-

677 739 739 775 cle,

539 766 584 796 Le
598 777 684 808 repos
701 771 751 802 des
771 772 920 809 Thébains
938 785 1043 811 trouve
1058 791 1148 814 encor
1161 791 1290 827 quelque
1308 793 1359 820 ob-

677 819 789 855 ſtacle?

534 849 591 881 Cet
608 849 713 884 illuſtre
727 854 823 894 trépas
838 865 876 888 ne
890 860 995 898 peut-il
1009 871 1085 894 vous
1101 865 1224 903 calmer,

533 891 658 931 Puiſque
674 894 768 927 même
783 907 844 930 mes
860 900 901 930 fils
918 904 978 934 s’en
994 905 1105 938 laiſſent
1119 908 1289 955 deſarmer?

531 930 576 962 La
589 933 820 970 refuſerez-vous
837 948 914 973 cette
929 944 1019 976 noble
1032 947 1176 986 victime?

530 971 562 1003 Si
575 971 601 1001 la
616 979 699 1006 vertu
714 984 787 1007 vous
804 979 913 1011 touche
927 987 1026 1015 autant
1039 994 1097 1025 que
1114 987 1167 1019 fait
1187 990 1214 1020 le
1227 992 1336 1030 crime,

528 1011 559 1043 Si
577 1019 653 1044 vous
667 1013 785 1047 donnez
796 1018 838 1049 les
852 1021 916 1059 prix
931 1030 1047 1054 comme
1065 1034 1141 1058 vous
1159 1029 1305 1069 puniſſez,

527 1050 622 1090 Quels
637 1055 741 1088 crimes
756 1067 807 1094 par
822 1070 856 1090 ce
871 1064 939 1099 ſang
953 1073 991 1096 ne
1003 1067 1102 1101 feront
1122 1069 1259 1108 effacés?

782 1099 1093 1139 ANTIGONE.

527 1125 601 1160 Oui,
628 1127 694 1161 oui,
715 1135 793 1159 cette
807 1139 889 1163 vertu
908 1136 966 1166 ſera
985 1139 1202 1180 récompenſée.

523 1166 581 1197 Les
601 1168 697 1199 Dieux
715 1172 779 1201 ſont
794 1179 861 1210 trop
874 1177 963 1216 payés
979 1178 1017 1209 du
1041 1180 1106 1220 ſang
1128 1183 1164 1214 de
1185 1185 1347 1223 Ménécée:

523 1209 566 1238 Et
581 1211 609 1237 le
627 1210 693 1246 ſang
706 1212 775 1242 d’un
788 1215 887 1246 Héros
902 1216 1006 1255 auprès
1021 1222 1072 1252 des
1087 1224 1268 1265 Immortels,

522 1249 602 1280 Vaut
620 1247 679 1279 ſeul
692 1249 756 1285 plus
770 1260 829 1287 que
844 1255 921 1286 celui
936 1257 974 1289 de
987 1259 1068 1292 mille
1081 1261 1237 1298 criminels.

806 1293 1066 1337 JOCASTE.

520 1320 697 1353 Connoiſſez
713 1325 812 1355 mieux
824 1325 863 1357 du
877 1328 943 1359 Ciel
957 1330 983 1359 la
997 1338 1165 1373 vengeance
1185 1337 1283 1371 fatale.

519 1362 672 1400 Toujours
687 1362 704 1393 à
717 1374 764 1395 ma
778 1368 903 1403 douleur
917 1371 936 1401 il
949 1378 1010 1404 met
1021 1375 1149 1418 quelque
1167 1380 1322 1416 intervale.

518 1402 599 1435 Mais
614 1402 710 1435 hélas!
732 1404 828 1446 quand
845 1409 872 1441 ſa
886 1411 964 1444 main
979 1413 1085 1448 ſemble
1101 1426 1148 1450 me
1162 1419 1307 1458 ſecourir,

520 1442 595 1475 C'eſt
610 1442 687 1474 alors
700 1445 768 1483 qu’il
784 1447 906 1489 s’aprête
920 1451 936 1481 à
948 1462 995 1485 me
1009 1456 1083 1488 faire
1095 1458 1182 1498 périr.

517 1480 542 1511 Il
556 1492 571 1511 a
587 1483 641 1512 mis
641 1484 726 1515 cette
741 1487 805 1517 nuit
819 1489 946 1528 quelque
960 1495 999 1524 fin
1014 1495 1032 1524 à
1046 1504 1106 1527 mes
1126 1500 1247 1536 larmes,

516 1518 585 1552 Afin
600 1520 665 1557 qu’à
679 1530 749 1553 mon
762 1524 853 1557 réveil
868 1530 894 1565 je
907 1531 978 1562 viſſe
992 1538 1057 1564 tout
1070 1542 1108 1564 en
1121 1544 1225 1568 armes.

515 1561 565 1593 S'il
579 1569 627 1592 me
639 1561 706 1594 flate
721 1563 834 1598 auſſitôt
847 1568 885 1598 de
898 1569 1029 1609 quelque
1041 1573 1140 1614 eſpoir
1151 1576 1188 1608 de
1200 1578 1286 1620 paix,

514 1602 564 1631 Un
581 1599 688 1635 Oracle
699 1604 777 1635 cruel
793 1614 838 1637 me
851 1608 921 1641 l’ôte
932 1618 1011 1648 pour
1024 1614 1137 1652 jamais.

513 1638 537 1668 Il
554 1639 698 1673 m’améne
711 1650 783 1674 mon
801 1645 862 1683 fils,
883 1648 904 1677 il
921 1654 991 1680 veut
1006 1659 1063 1691 que
1076 1653 1105 1690 je
1121 1655 1148 1686 le
1162 1658 1243 1690 voie.

512 1678 592 1708 Mais
604 1680 701 1713 hélas!
720 1682 857 1718 combien
873 1686 943 1718 cher
957 1698 1005 1720 me
1018 1692 1130 1725 vend-il
1146 1702 1225 1728 cette
1235 1698 1313 1737 joie!

513 1717 557 1747 Ce
570 1719 614 1750 fils
631 1719 672 1751 eſt
692 1721 858 1763 inſenſible,
880 1726 907 1757 &
919 1737 957 1758 ne
970 1730 1114 1765 m’écoute
1124 1742 1192 1775 pas,

512 1758 552 1788 Et
565 1756 682 1791 ſoudain
697 1763 718 1792 il
733 1772 779 1794 me
796 1766 863 1798 l’ôte
878 1766 906 1797 &
919 1768 1049 1808 l’engage
1061 1780 1116 1804 aux
1129 1776 1272 1810 combats.

510 1795 590 1825 Ainſi
606 1798 734 1835 toujours
751 1803 847 1839 cruel,
868 1804 895 1836 &
907 1806 1040 1845 toujours
1056 1819 1094 1842 en
1107 1813 1222 1850 colére,

509 1838 533 1867 Il
551 1837 625 1869 feint
638 1840 675 1869 de
690 1840 836 1883 s’apaiſer,
858 1846 886 1876 &
903 1846 1023 1880 devient
1038 1852 1102 1890 plus
1115 1855 1229 1888 ſévére;

506 1870 546 1904 lls
559 1872 743 1908 n'interromt
756 1878 797 1909 ſes
815 1887 905 1919 coups
923 1889 980 1923 que
999 1891 1075 1926 pour
1090 1886 1132 1921 les
1154 1892 1325 1927 redoubler,
