1551 2394
553 303 610 345 88

854 305 1022 357 Apologie

555 382 600 423 ils
640 385 893 431 conviennent
937 395 1229 445 unanimement,
1258 408 1341 449 que

552 469 649 502 nous
689 477 804 507 avons
841 470 952 514 nôtre
995 471 1168 539 Langage
1199 475 1236 516 &
1268 490 1339 521 nos

554 525 692 578 Signes.

628 614 670 660 Je
681 626 777 656 veux
800 615 904 664 donc,
901 622 1004 675 pour
1015 631 1066 659 un
1083 628 1313 674 moment,
1272 631 1337 681 que

549 688 593 717 ce
619 677 690 720 ſoit
719 678 751 725 là
781 691 866 723 tout
892 695 935 722 ce
959 695 1032 735 que
1056 685 1147 728 dans
1173 690 1334 738 l'Ordre,

547 754 643 789 nous
660 747 873 791 entendons
892 762 956 803 par
979 751 1012 792 le
1030 752 1161 798 ſecret:
1184 757 1246 808 J'ai
1267 757 1335 800 fait

547 808 649 854 voir,
674 810 762 855 dans
782 813 812 853 la
830 812 1007 869 première
1035 818 1230 873 Queſtion,
1256 832 1331 873 que

545 868 585 909 le
612 872 781 914 Serment
802 886 852 914 ne
884 876 1002 927 paroit
1031 891 1096 929 pas
1126 895 1174 923 un
1203 891 1329 924 moïen

544 941 631 983 bien
646 941 858 990 infaillible,
885 946 932 987 de
950 949 1065 988 mètre
1084 948 1195 994 nôtre
1213 951 1329 995 ſecret

543 1008 563 1051 à
586 1010 610 1051 l'
636 1009 711 1053 abri
734 1012 780 1053 de
802 1023 907 1056 toute
931 1012 1099 1070 ſurpriſe;
1121 1031 1185 1070 par
1200 1018 1329 1063 conſè-

542 1087 659 1127 quent
682 1078 789 1121 nôtre
819 1081 987 1136 Langage
1015 1083 1052 1126 &
1078 1099 1150 1132 nos
1180 1088 1326 1142 Signes:

541 1143 634 1185 Mais
650 1145 688 1189 ſi,
703 1157 853 1190 comme
867 1148 900 1188 le
922 1148 1042 1192 diſent
1055 1152 1217 1205 ceux-ci,
1228 1166 1325 1197 nous

542 1211 579 1249 n'
588 1222 702 1251 avons
730 1215 846 1263 parmi
869 1227 964 1255 nous
994 1230 1114 1258 aucun
1138 1223 1325 1274 Serment;

540 1278 575 1318 le
600 1283 725 1319 moïen
743 1279 789 1320 de
802 1282 1004 1324 concevoir
1020 1296 1096 1338 que
1118 1298 1180 1326 ces
1195 1289 1323 1363 Signes

540 1349 578 1390 &
595 1360 638 1388 ce
657 1348 846 1403 Langage,
871 1353 1006 1396 n'aïent
1028 1354 1079 1410 pû
1100 1370 1232 1400 encore
1242 1363 1322 1409 être

537 1409 771 1461 découverts,
784 1416 820 1458 &
828 1416 863 1458 ſe
878 1419 996 1462 ſoient
1014 1422 1207 1465 conſervés
1213 1437 1319 1473 entre

535 1494 632 1524 nous
648 1482 763 1528 ſeuls,
791 1484 847 1527 ſur
862 1486 892 1528 la
914 1489 970 1530 foi
991 1491 1039 1532 de
1061 1491 1203 1545 ſimples
1229 1496 1322 1536 Pro-

532 1551 684 1598 meſſes,
719 1551 756 1592 &
771 1555 910 1597 confiés
932 1556 950 1598 à
975 1572 1026 1600 un
1048 1559 1073 1599 ſi
1097 1560 1315 1617 prodigieux

535 1621 692 1664 nombre
717 1624 938 1674 d'hommes,
965 1628 1080 1681 parmi
1112 1630 1264 1685 leſquels
1279 1635 1316 1684 il

532 1698 581 1727 ne
596 1691 677 1738 s'en
688 1698 819 1730 trouve
833 1701 906 1742 que
922 1702 1020 1743 trop,
1042 1693 1115 1746 qui
1125 1696 1231 1738 n'ont
1250 1710 1315 1751 pas

529 1757 563 1799 la
576 1753 682 1797 force
698 1755 746 1796 de
767 1757 856 1799 taire
873 1758 938 1801 des
953 1757 1092 1810 choſes,
1116 1763 1199 1817 qui,
1211 1764 1314 1806 étant

1212 1825 1311 1868 révé-
