1743 2469
751 327 820 368 99

310 410 365 447 De
381 419 418 442 ce
431 407 568 451 temple,
587 401 676 442 deja,
695 407 777 432 vous
790 405 892 440 voyez
908 396 954 428 les
968 396 1141 435 ramparts,

314 489 356 524 Et
368 490 415 524 ſes
431 486 537 523 portes
551 474 682 510 d'airain
696 471 860 507 s'ouvrent
875 467 893 502 à
911 482 970 507 vos
982 463 1120 510 regards.

356 574 407 605 Le
422 574 503 600 tems
516 564 593 597 d'un
608 567 701 592 cours
714 556 820 599 rapide
836 555 869 589 &
883 558 1033 595 pourtant
1045 547 1223 595 infenſible,

316 645 470 678 Parcourt
484 641 557 667 tous
572 633 618 663 les
632 629 746 663 dehors
752 627 793 659 de
807 635 845 657 ce
858 632 960 665 Palais
977 636 1119 673 terrible;

320 716 362 749 Et
376 716 416 747 de
432 713 461 744 là
477 711 528 744 ſur
544 711 573 741 la
589 712 670 740 terre
685 705 707 739 il
723 703 810 739 verſe
826 700 843 733 à
858 699 980 743 pleines
994 704 1111 739 mains,

322 788 365 821 Et
382 787 428 818 les
443 782 530 818 biens
546 779 577 814 &
594 778 639 812 les
654 783 749 812 maux
765 781 900 815 deſtinez
912 787 972 813 aux
986 782 1143 813 humains.

365 885 420 923 De
434 884 521 921 Dieu
536 882 614 917 dans
629 889 667 913 ce
682 879 746 914 lieu
760 876 841 912 ſaint
854 876 887 908 la
900 881 1036 913 volonté
1049 884 1156 917 réſide.

325 963 376 993 La
391 965 507 991 crainte
523 946 748 1002 languiſſante,
768 954 801 996 &
813 964 1005 991 l'eſperance
1021 952 1125 1001 avide,

327 1037 404 1077 Près
419 1036 459 1070 de
473 1044 526 1068 ces
542 1041 630 1066 murs
645 1030 748 1064 ſacrez
763 1030 929 1072 gémiſſent
943 1038 1013 1065 nuit
1026 1030 1056 1072 &
1068 1041 1156 1075 jour.

335 1117 401 1151 Les
416 1117 509 1149 deſirs
524 1113 658 1155 inquiets
672 1108 831 1150 vlotigent
846 1108 864 1136 à
878 1108 1036 1143 l'entour;

333 1186 395 1222 Sur
411 1196 456 1219 nu
472 1184 569 1218 Autel
584 1181 624 1214 de
638 1181 686 1214 fer
698 1189 745 1213 un
761 1177 858 1210 Livre
874 1176 1097 1215 inexplicable,

336 1265 494 1303 Contient
508 1263 548 1297 de
562 1261 692 1297 l'avenir
709 1256 869 1294 l'Hiſtoire
885 1252 1096 1294 irrévocable;

340 1345 389 1381 Là
402 1340 490 1378 Dieu
504 1337 612 1374 même
628 1346 646 1368 a
661 1333 791 1376 marqué
810 1339 869 1363 nos
882 1329 955 1372 plus
971 1327 1085 1361 ſecrets
1101 1327 1213 1367 deſirs,

342 1420 386 1453 Et
401 1426 462 1451 nos
477 1413 618 1457 chagrins
632 1411 734 1443 cruels
751 1410 782 1445 &
797 1417 857 1440 nos
874 1402 987 1438 foibles
1002 1401 1130 1446 plaiſirs.

383 1495 447 1548 On
455 1502 517 1537 voit
537 1501 569 1534 la
581 1493 731 1540 Liberté,
751 1498 834 1527 cette
849 1491 972 1527 eſclave
988 1488 1009 1523 ſi
1027 1487 1119 1530 fiere,

350 1581 411 1617 Par
427 1576 616 1615 d’inviſibles
631 1571 743 1607 nœuds
759 1579 799 1603 en
814 1577 866 1602 ces
880 1566 964 1601 lieux
981 1563 1193 1608 priſonniere,

347 1654 433 1689 Sous
451 1660 494 1686 nu
505 1650 587 1694 joug
602 1644 745 1681 inconnu
761 1651 822 1687 que
837 1642 905 1675 rien
920 1649 963 1674 ne
977 1646 1051 1681 peut
1063 1637 1176 1678 briſer;

347 1727 437 1765 Dieu
450 1726 528 1774 ſçait
541 1719 713 1768 l'aſſujettir
726 1719 798 1755 ſans
812 1719 845 1752 la
858 1714 1038 1757 tiranniſer;

353 1802 387 1835 A
401 1800 449 1835 ſes
461 1797 622 1843 ſuprêmes
636 1796 704 1830 loix
717 1792 859 1828 d'autant
873 1789 979 1822 mieux
993 1783 1149 1827 attachée,

352 1869 427 1912 Que
440 1863 478 1913 ſa
491 1866 608 1905 chaîne
619 1879 639 1912 à
650 1876 700 1908 ſes
714 1872 798 1906 yeux
809 1870 889 1901 pour
900 1858 1015 1897 jamais
1029 1867 1073 1897 eſt
1090 1867 1224 1906 cachée;

355 1941 465 1986 Qu'en
478 1937 632 1974 obéïſſant
645 1951 754 1983 même
767 1953 831 1980 elle
845 1936 908 1974 agit
922 1941 975 1972 par
992 1946 1051 1973 ſon
1064 1948 1176 1983 choix,

358 2010 402 2051 Et
415 2012 550 2048 ſouvent
563 2015 622 2043 aux
637 2014 751 2052 deſtins
765 2016 860 2053 penſe
874 2015 1000 2057 donner
1011 2014 1068 2052 des
1078 2011 1158 2052 loix.

1217 2065 1317 2120 Mais
