1471 2270
569 343 624 387 50

698 337 1163 372 OBSERVATIONS

562 384 636 421 leur
661 384 848 422 naiſſance,
874 394 934 429 par
960 384 1008 417 les
1043 382 1203 429 intrigues
1220 384 1265 417 de

563 439 652 473 leurs
664 434 854 481 Magiſtrats
869 440 902 470 &
921 434 978 471 des
994 433 1194 481 principaux
1217 434 1264 468 ci-

564 494 712 530 toyens,
741 481 903 519 devoient
931 493 1008 518 tout
1035 481 1178 518 ſacrifier
1196 493 1264 516 aux

565 534 702 571 intérêts
720 532 761 570 de
779 533 865 570 leurs
886 531 1031 582 paſſions
1051 545 1096 568 ou
1113 533 1155 569 de
1174 534 1262 569 leurs

562 582 718 624 cabales;
733 582 781 617 les
794 594 902 619 autres
911 578 1112 630 engourdies
1124 595 1183 630 par
1195 594 1262 617 une

561 634 691 677 longue
706 631 802 675 paix,
822 635 855 665 &
872 627 990 670 livrées
1009 642 1050 665 au
1065 645 1262 669 commerce

563 691 599 723 &
614 697 680 720 aux
696 696 787 725 arts,
812 696 854 719 ne
876 683 1058 720 doutoient
1072 695 1131 731 pas
1150 695 1213 731 que
1229 684 1262 719 le

564 746 719 770 moment
746 732 827 769 fatal
852 745 938 780 pour
956 735 989 769 la
1016 733 1129 770 Grece
1145 746 1187 769 ne
1211 732 1264 769 fût

563 788 690 829 arrivé;
707 791 740 823 &
748 796 803 819 ces
812 785 1045 834 Républiques
1058 784 1091 822 ſe
1098 786 1266 833 liguerent

563 849 651 872 avec
667 835 714 873 les
731 833 843 873 Perſes
857 828 944 883 pour
958 831 1102 882 prendre
1120 847 1164 870 un
1178 832 1265 882 parti

563 884 697 933 oppoſé
702 885 715 922 à
726 883 813 922 celui
827 878 860 932 de
874 883 949 922 leurs
959 884 1128 930 ennemis,
1139 893 1176 935 ou
1186 890 1266 930 pour

564 937 721 984 prévenir
742 935 813 971 leur
835 936 940 973 ruine.
972 937 1057 974 Tels
1083 936 1194 971 furent
1213 937 1263 971 les

564 990 723 1029 habitans
737 989 780 1028 de
789 991 823 1027 la
832 989 1004 1030 Theſſalie
1014 994 1048 1027 &
1061 989 1103 1028 de
1112 989 1269 1030 l'Etolie,

565 1044 613 1080 les
627 1041 804 1088 Dolopes,
822 1040 870 1078 les
884 1039 1030 1082 Eniens,
1047 1039 1093 1077 les
1106 1040 1268 1079 Perebes,

566 1094 615 1126 les
634 1091 820 1128 Locriens,
842 1091 890 1125 les
909 1089 1112 1132 Magnetes,
1123 1088 1172 1128 les
1187 1090 1266 1126 Mé-

566 1139 676 1179 liens,
690 1137 737 1175 les
752 1138 929 1179 Phtiotes,
943 1138 991 1174 les
1005 1136 1204 1178 Thébains,
1231 1140 1267 1172 &

566 1197 643 1222 tous
659 1198 745 1222 ceux
757 1185 798 1223 de
817 1188 850 1223 la
867 1185 1008 1226 Béotie,
1024 1183 1042 1222 à
1056 1184 1265 1232 l'exception

566 1241 625 1279 des
639 1236 830 1290 Theſpiens
851 1244 885 1277 &
903 1239 960 1278 des
972 1238 1140 1277 Platéens.
1168 1239 1266 1275 Dans

566 1292 600 1330 le
611 1287 848 1338 Péloponnèſe
858 1288 989 1326 même,
1002 1287 1051 1324 les
1063 1287 1212 1335 Argiens
1231 1292 1267 1325 &

567 1339 616 1374 les
629 1336 792 1374 Achêens
810 1338 842 1374 ſe
863 1337 1073 1373 declarerent
1088 1348 1131 1370 en
1149 1333 1266 1372 faveur

569 1389 614 1422 de
628 1388 769 1422 Xercès.

619 1435 674 1471 La
704 1435 964 1471 confédération
993 1432 1052 1470 des
1079 1434 1188 1470 Grecs
1213 1432 1267 1470 fut

568 1483 711 1525 diſſoute
730 1496 791 1533 par
813 1485 845 1522 la
866 1484 1037 1522 défection
1053 1483 1111 1520 des
1125 1484 1267 1531 peuples

569 1546 636 1585 que
653 1533 684 1582 je
703 1535 799 1574 viens
822 1533 864 1572 de
886 1545 1061 1576 nommer;
1089 1540 1122 1573 &
1144 1536 1267 1574 l'effroi

568 1589 628 1637 qui
645 1588 766 1624 devoit
780 1580 1036 1643 naturellement
1049 1600 1092 1625 en
1105 1587 1265 1628 réſulter,

570 1639 683 1674 auroit
699 1634 744 1672 dû
756 1636 875 1682 perdre
897 1646 1009 1674 toutes
1029 1634 1077 1673 les
1095 1636 1267 1685 Républi-

570 1698 664 1733 ques.
672 1685 704 1723 Il
715 1686 745 1722 le
756 1684 826 1723 faut
835 1678 971 1726 avouer,
984 1683 1127 1733 quelque
1132 1695 1267 1732 magna-
