1463 2265
476 437 591 470 cours,
614 429 651 466 &
675 444 715 466 en
736 434 936 472 travaillant
953 435 1031 485 ſous
1044 435 1098 486 ſes
1103 449 1197 488 yeux

478 474 519 512 &
523 477 602 523 ſous
607 477 663 522 ſes
682 478 789 515 ordres
803 492 872 516 aux
891 481 1022 531 affaires
1037 486 1075 520 de
1087 487 1119 523 la
1130 487 1196 525 Ré-

471 524 651 573 publique,
666 527 700 572 je
724 528 790 563 n'ai
812 533 918 577 appris
945 532 1018 579 qu'à
1030 539 1194 572 connoître

474 586 531 610 ma
535 575 707 627 foibleſſe.
729 582 824 618 Dans
843 596 903 620 une
925 586 1014 623 Ville
1036 588 1115 635 auſſi
1133 588 1194 638 fé-

472 618 575 655 conde
597 632 654 670 que
669 622 702 657 la
723 629 812 664 nôtre
828 645 865 668 en
878 639 1009 675 Grands
1020 642 1192 680 Hommes,

473 685 518 708 un
525 674 600 721 ſeul
615 678 751 726 Citoyen
762 691 801 714 ne
810 678 879 715 doit
888 682 981 729 point
999 682 1064 719 être
1076 686 1196 731 chargé

471 720 511 755 de
542 732 627 757 toute
661 723 944 776 l'adminiſtration
959 730 1131 779 publique,
1153 737 1190 770 &

461 773 626 822 j'attends
645 776 855 826 d'apprendre
869 781 914 819 du
925 782 1030 821 Sénat
1044 784 1117 834 quel
1137 785 1188 823 dé-

461 835 651 872 partement
659 829 684 865 il
693 844 740 867 me
748 830 875 880 deſtine.
878 829 1009 881 C'étoit
1019 837 1051 872 la
1061 836 1189 875 crainte

467 871 512 911 de
517 870 630 927 paſſer
641 891 728 926 pour
741 894 785 915 un
798 882 938 932 Tyran,
950 887 983 919 &
1000 883 1077 921 d'en
1099 886 1189 929 ſubir

466 925 500 960 le
513 922 581 961 fort
593 927 651 972 qui
661 926 782 967 diƈtoit
794 945 836 967 ce
849 930 998 971 diſcours
1011 934 1033 972 à
1043 936 1187 975 Tibére:

463 971 549 1007 mais
576 972 594 1008 à
613 976 713 1023 peine
738 977 853 1016 l'a-t-il
891 981 1093 1031 prononcé,
1120 993 1187 1029 que

464 1015 525 1054 ſon
550 1018 715 1058 ambition
729 1038 770 1060 en
791 1028 839 1064 eſt
851 1034 1022 1071 allarmée.
1036 1038 1071 1071 Il
1076 1043 1184 1075 craint

463 1065 509 1104 de
534 1068 630 1106 s'être
662 1074 896 1120 compromis;
919 1077 942 1110 il
965 1088 1072 1120 craint
1108 1089 1186 1124 d'en

461 1119 559 1157 avoir
582 1132 660 1173 trop
674 1121 743 1166 dit;
764 1126 787 1162 il
811 1126 943 1166 revient
967 1126 1020 1167 ſur
1032 1127 1079 1167 ſes
1095 1143 1183 1180 pas,

464 1171 548 1207 mais
578 1187 619 1210 en
653 1173 858 1215 demandant
882 1178 1067 1231 l'Empire,
1090 1183 1115 1218 il
1140 1197 1184 1221 ne

460 1216 643 1268 s'exprime
662 1223 714 1264 (a)
731 1235 796 1269 que
823 1223 921 1262 d'une
942 1231 1090 1264 maniere
1114 1241 1184 1266 am-

460 1268 587 1317 bigue,
610 1272 802 1323 captieuſe,
818 1274 1068 1325 énigmatique;
1081 1284 1114 1316 &
1125 1291 1182 1318 cet

459 1316 625 1359 homme,
645 1323 785 1370 capable
809 1323 851 1361 de
864 1325 944 1363 faire
962 1330 1054 1374 périr
1067 1331 1101 1367 le
1113 1332 1181 1367 Sé-

459 1379 541 1405 nat,
561 1372 610 1406 s'il
623 1386 666 1409 ne
676 1374 756 1410 l'eût
770 1374 918 1414 deviné,
936 1377 1109 1426 n’accepte
1121 1391 1180 1417 en-

459 1414 506 1453 fin
520 1417 553 1453 le
560 1418 709 1467 pouvoir
721 1417 838 1459 abſolu
848 1431 911 1470 que
922 1433 1011 1473 pour
1026 1443 1070 1466 un
1082 1446 1180 1473 tems.

495 1546 558 1582 (a)
568 1547 677 1578 Tiberio
691 1552 774 1577 etiam
792 1553 822 1577 in
833 1550 913 1579 rebus
924 1562 994 1590 quas
1006 1570 1060 1587 non
1071 1566 1179 1592 occule-

455 1594 514 1621 ret,
527 1583 581 1624 ſeu
605 1596 722 1624 natura,
738 1588 801 1626 ſive
823 1589 1026 1635 adſuetudine,
1038 1594 1180 1641 ſuſpenſa

460 1621 557 1663 ſemper
572 1623 602 1653 &
620 1624 733 1666 obſcura
743 1638 839 1667 verba:
850 1643 915 1663 tunc
926 1653 1011 1676 vero,
1023 1649 1127 1670 nitenti
1141 1647 1176 1670 ut

448 1659 553 1703 ſenſus
554 1660 628 1704 ſuos
629 1674 744 1704 penitus
750 1674 878 1706 abderet,
894 1682 924 1706 in
931 1681 1062 1708 incertum
1069 1685 1099 1713 &
1109 1692 1172 1712 am-

454 1707 568 1746 biguum
586 1711 679 1752 magis
686 1711 910 1755 implicabantur.
926 1717 998 1748 Tac.
1021 1720 1100 1751 Ann.
1112 1720 1133 1749 l.
1148 1727 1176 1748 1.
