1584 2343
567 526 648 553 ment
663 520 690 550 le
710 521 834 555 rouleau.
850 524 876 554 Il
876 524 909 554 le
931 524 1001 560 tire,
1024 523 1115 563 pâlit,
1137 524 1163 553 &
1182 524 1298 564 regarde
1316 523 1342 555 le

567 573 621 604 Roi
640 582 676 601 en
696 572 803 604 verſant
821 584 856 603 un
872 579 979 603 torrent
995 574 1031 604 de
1046 574 1168 610 larmes,
1191 574 1252 605 ſans
1271 583 1341 612 pou-

561 626 624 656 voir
633 635 792 664 prononcer
805 638 859 658 une
869 628 945 658 ſeule
961 628 1067 668 parole.
1084 629 1243 667 Qu'eſt-ce,
1261 630 1302 660 dit
1315 629 1340 659 Ie

566 683 645 713 Roi?
668 683 812 720 qu'as-tu?
834 684 893 715 Ah!
918 684 1004 721 Sire,
1024 686 1068 715 dit
1082 683 1109 714 le
1126 684 1211 721 jeune
1227 684 1346 715 homme

566 741 601 761 en
622 731 648 761 ſe
669 730 839 772 précipitant
855 737 875 774 à
902 742 1048 771 genoux,
1066 751 1105 771 on
1127 749 1196 772 veut
1218 743 1263 764 me
1286 743 1346 771 per-

565 787 641 822 dre;
659 797 690 823 je
690 797 739 823 ne
762 789 813 818 ſais
833 798 865 818 ce
888 799 943 825 que
967 790 1031 820 c'eſt
1044 799 1099 828 que
1120 795 1166 818 cet
1177 795 1275 828 argent
1291 798 1346 826 que

567 837 591 872 je
613 845 714 868 trouve
739 839 810 868 dans
831 849 877 868 ma
897 839 1000 876 poche.
1026 841 1101 869 Mon
1118 843 1201 878 ami,
1221 842 1265 872 dit
1282 840 1347 871 Fré-

563 889 666 927 déric,
692 892 766 920 Dieu
798 900 870 922 nous
900 894 1000 922 envoie
1015 893 1147 932 ſouvent
1173 894 1198 924 le
1227 894 1291 924 bien
1311 905 1345 924 en

560 943 707 975 dormant.
731 945 840 976 Envoie
856 944 917 974 cela
936 943 955 975 à
973 951 1005 975 ta
1021 945 1118 983 mère,
1142 946 1288 978 Salue-la
1310 948 1344 978 de

562 1009 614 1029 ma
633 1005 728 1039 part,
748 997 786 1035 &
801 1000 955 1041 aſſure-la
975 1010 1029 1042 que
1044 1001 1165 1040 j'aurai
1178 1002 1247 1043 ſoin
1264 1003 1344 1035 d'elle

567 1058 606 1096 &
619 1060 654 1091 de
671 1061 722 1090 toi.

606 1113 647 1144 M.
669 1111 756 1150 Engel
780 1121 795 1141 a
817 1108 868 1142 tiré
897 1113 933 1143 de
957 1118 1032 1144 cette
1057 1112 1197 1144 anecdote
1224 1113 1251 1145 le
1271 1113 1343 1151 ſujet

562 1165 599 1196 de
617 1166 666 1196 ſon
686 1167 761 1204 petit
773 1167 888 1204 drame,
902 1165 1037 1204 intitulé:
1045 1159 1075 1206 le
1093 1168 1181 1205 Page.

604 1277 645 1307 Le
667 1276 724 1306 Roi
742 1275 841 1307 ſaluait
858 1276 1083 1307 ordinairement
1100 1281 1166 1307 tous
1183 1285 1257 1308 ceux
1276 1277 1345 1316 qu'il

563 1330 745 1360 rencontrait.
771 1331 794 1361 Il
813 1332 840 1362 ſe
854 1330 977 1368 plaignit
991 1340 1032 1362 un
1050 1331 1115 1368 jour
1134 1329 1150 1363 à
1165 1332 1242 1364 table
1262 1334 1297 1364 de
1314 1343 1346 1363 ce

564 1394 650 1425 que,
666 1386 791 1426 lorſqu'il
807 1387 875 1419 était
890 1387 905 1418 à
926 1388 1054 1429 Berlin,
1071 1389 1092 1420 il
1112 1389 1199 1420 fallait
1219 1388 1285 1429 qu'il
1298 1391 1348 1420 eût

565 1436 696 1473 toujours
715 1435 742 1464 le
766 1435 893 1476 chapeau
926 1434 940 1466 à
969 1437 996 1467 la
1025 1439 1112 1468 main.
1143 1438 1183 1469 Le
1200 1439 1287 1469 baron
1310 1438 1345 1468 de

566 1492 686 1523 Pœlnitz
719 1492 759 1522 lui
790 1490 951 1532 répondit:
970 1496 1049 1525 Eh!
1073 1496 1163 1529 Sire,
1188 1495 1345 1533 pourquoi

556 1548 744 1581 ſaluez-vous
760 1557 826 1577 tous
845 1557 918 1576 ceux
944 1540 996 1577 qui
1015 1553 1090 1575 vous
1098 1540 1229 1576 ſaluent.
1244 1555 1283 1562 —
1309 1544 1344 1574 Et

556 1597 709 1633 pourquoi
719 1605 804 1635 pas,
825 1597 952 1635 repliqua
971 1598 998 1628 le
1014 1598 1096 1636 Roi,
1114 1606 1148 1628 ne
1152 1596 1271 1641 ſont-ils
1283 1608 1342 1640 pas

563 1659 628 1685 tous
643 1652 692 1681 des
707 1652 839 1682 hommes
860 1658 970 1678 comme
984 1651 1083 1680 nous?

603 1766 651 1797 Un
673 1764 829 1804 profeſſeur
851 1766 886 1796 de
906 1764 1015 1802 Halle,
1032 1763 1149 1797 nommé
1172 1766 1336 1804 Eberhard,

560 1824 635 1856 avait
655 1814 701 1849 été
721 1815 839 1849 nommé
850 1811 870 1862 à
889 1818 913 1849 la
934 1832 1000 1854 cure
1024 1822 1059 1852 de
1072 1819 1336 1857 Charlottenbourg

560 1883 609 1912 par
625 1879 651 1914 le
667 1878 828 1910 conſiſtoire
847 1871 1000 1913 ſupérieur.
1024 1876 1097 1908 Mais
1120 1875 1162 1907 les
1184 1874 1337 1915 bourgeois
