1962 2802
705 448 841 494 paradis
873 461 917 486 ne
943 462 1030 486 vous
1052 450 1141 486 laiſſe
1162 462 1223 497 pas
1248 459 1384 490 entrer,
1417 451 1645 486 montrez-Iui
1674 452 1706 486 le

705 509 793 556 ſigne
831 509 872 545 de
908 511 1033 552 croix,
1078 509 1108 545 &
1131 510 1285 548 dites-lui
1320 522 1388 556 que
1411 511 1704 555 JESUS - CHRIST

705 565 758 602 fils
768 566 809 601 de
823 568 941 605 DIEU,
957 565 1019 612 qui
1033 564 1079 599 eſt
1093 565 1308 599 maintenant
1323 564 1480 606 crucifié,
1492 566 1559 599 m'a
1574 563 1706 612 envoyé

705 619 726 656 à
735 634 832 656 vous.
844 621 996 668 Lorſque
1005 621 1095 666 j'eus
1110 621 1170 655 fait
1181 623 1268 662 cela,
1280 621 1315 666 je
1327 622 1378 656 dis
1394 630 1504 656 toutes
1520 634 1571 656 ces
1587 620 1704 656 choſes

704 676 726 712 à
744 679 853 724 l'ange
883 679 1024 722 gardien
1056 677 1103 710 du
1139 678 1286 723 paradis.
1310 680 1381 725 Qui
1403 679 1558 726 lorſqu'il
1583 691 1638 713 me
1655 678 1702 711 les

706 730 862 763 entendit
875 729 968 768 dire,
990 737 1137 762 ouvrant
1156 729 1317 769 auſſitôt,
1342 731 1368 762 il
1385 742 1440 763 me
1459 729 1498 763 fit
1519 737 1649 769 entrer,
1670 740 1700 772 &

702 799 758 820 me
779 787 880 832 plaça
911 786 932 821 à
956 789 990 824 la
1019 788 1128 821 droite
1151 788 1198 821 du
1223 787 1384 832 paradis,
1407 788 1551 823 diſant:
1580 787 1701 830 Voilà,

702 854 907 878 tenez-vous
929 852 979 873 un
999 844 1153 871 moment
1170 833 1224 877 là,
1246 835 1315 870 afin
1342 836 1501 883 qu'Adam
1515 844 1546 876 le
1562 839 1640 881 père
1659 847 1702 877 de

701 906 778 931 tout
794 898 823 930 le
838 896 1097 943 genre-humain
1116 905 1208 931 entre
1224 909 1303 933 avec
1318 906 1395 933 tous
1411 896 1459 933 ſes
1478 898 1530 933 fils
1541 899 1587 932 les
1598 898 1703 933 ſaints

702 958 731 995 &
750 959 796 994 les
808 958 911 1007 juftes
930 959 977 994 du
998 959 1146 995 CHRIST
1170 957 1330 1004 Seigneur
1344 957 1493 994 crucifié.
1515 958 1702 1007 Lorſqu'ils

700 1021 819 1048 eurent
840 1013 991 1049 entendu
1017 1023 1128 1048 toutes
1158 1013 1205 1047 les
1226 1014 1358 1060 paroles
1383 1014 1430 1049 du
1452 1015 1593 1055 larron,
1613 1021 1701 1057 tous

701 1072 750 1106 les
774 1072 985 1118 patriarches
1007 1071 1110 1107 d'une
1133 1073 1215 1107 voix
1234 1072 1369 1120 dirent:
1390 1075 1488 1110 Vous
1506 1071 1574 1108 êtes
1595 1071 1702 1115 béni,

699 1133 802 1166 DIEU
822 1130 1081 1177 tout-puiſſant,
1110 1130 1188 1176 père
1206 1130 1263 1166 des
1281 1130 1378 1166 biens
1394 1131 1558 1170 éternels,
1576 1128 1603 1166 &
1623 1131 1703 1176 père

699 1185 757 1220 des
775 1184 1025 1225 miſéricordes,
1049 1187 1110 1232 qui
1136 1196 1215 1220 avez
1238 1184 1355 1219 donné
1381 1197 1450 1219 une
1464 1186 1541 1219 telle
1565 1186 1660 1231 grâce
1678 1183 1700 1219 à

697 1246 746 1280 ſes
760 1245 910 1293 péchés,
931 1247 960 1283 &
975 1247 1079 1282 l’avez
1097 1246 1220 1281 rétabli
1239 1258 1281 1280 en
1300 1247 1395 1292 grâce
1415 1246 1462 1279 du
1481 1246 1641 1290 paradis,
1667 1246 1697 1283 &

695 1303 799 1335 l'avez
825 1299 922 1344 placé
951 1313 1013 1344 par
1029 1312 1099 1333 une
1115 1302 1168 1336 vie
1195 1300 1381 1346 ſpirituelle
1404 1300 1591 1335 très-ſainte
1611 1299 1698 1334 dans

695 1367 756 1389 vos
775 1356 953 1398 pâturages
972 1356 1139 1399 ſpirituels
1160 1356 1188 1389 &
1213 1357 1407 1390 abondans.
1422 1357 1516 1391 Ainſi
1529 1357 1647 1391 ſoit-il.

1072 1430 1327 1471 XXVII.

747 1518 801 1552 CE
826 1515 951 1551 ſont-là
968 1515 1016 1551 les
1035 1514 1147 1551 divins
1173 1512 1201 1550 &
1224 1513 1332 1550 ſacrés
1348 1513 1505 1564 myſtères
1528 1524 1595 1561 que
1609 1526 1698 1549 nous

695 1589 803 1613 avons
828 1583 891 1605 vus
914 1568 943 1605 &
963 1569 1149 1611 entendus,
1167 1570 1240 1606 moi
1258 1570 1413 1606 Charinus
1431 1568 1460 1605 &
1483 1569 1648 1612 Lenthius,
1672 1572 1697 1606 il

693 1648 737 1670 ne
752 1648 841 1670 nous
856 1635 901 1670 eſt
916 1626 994 1671 plus
1008 1625 1134 1671 permis
1144 1624 1186 1659 de
1194 1634 1351 1660 raconter
1358 1625 1405 1659 les
1417 1619 1529 1660 autres
1538 1625 1697 1673 myſtères

694 1688 737 1722 de
751 1689 876 1726 DIEU,
903 1698 1038 1721 comme
1052 1686 1168 1723 Michel
1183 1685 1354 1732 archange
1372 1685 1548 1722 déclarant
1576 1685 1698 1720 haute-

694 1753 790 1777 ment
810 1756 899 1778 nous
914 1744 987 1779 dit:
1009 1744 1129 1779 Allant
1145 1755 1225 1777 avec
1241 1755 1311 1778 mes
1330 1742 1430 1778 frères
1444 1741 1465 1779 à
1478 1743 1694 1789 Jéruſalem,

693 1810 781 1832 vous
798 1798 883 1833 ſerez
903 1811 946 1832 en
964 1798 1099 1833 oraiſon
1120 1798 1230 1833 criant
1244 1796 1268 1832 &
1289 1792 1465 1848 glorifiant
1479 1801 1514 1833 la
1526 1799 1695 1834 réſurrec-

695 1856 769 1890 tion
786 1855 834 1889 du
854 1857 1016 1899 Seigneur
1027 1856 1334 1899 JESUS-CHRIST,
1360 1867 1434 1889 vous
1450 1855 1534 1901 qu'il
1547 1868 1567 1890 a
1579 1856 1697 1893 reſſuſ-

695 1911 776 1947 cités
789 1924 868 1946 avec
882 1914 944 1946 lui.
971 1915 1000 1946 Et
1006 1923 1093 1946 vous
1105 1917 1154 1956 ne
1154 1912 1302 1956 parlerez
1318 1922 1398 1945 avec
1409 1922 1525 1947 aucun
1537 1910 1694 1950 homme,

694 1967 724 2004 &
734 1981 820 2006 vous
835 1967 972 2003 reſterez
985 1978 1118 2002 comme
1130 1976 1262 2005 muets,
1274 1964 1417 2016 juſqu'à
1433 1981 1469 2003 ce
1485 1981 1553 2017 que
1564 1968 1696 2003 l'heure

693 2026 802 2061 arrive
824 2037 893 2073 que
919 2026 951 2061 le
969 2025 1132 2073 Seigneur
1159 2035 1246 2061 vous
1274 2034 1437 2073 permette
1457 2026 1498 2060 de
1516 2034 1697 2071 rapporter

692 2086 740 2121 les
754 2085 911 2135 myſtères
930 2086 972 2121 de
989 2086 1024 2121 ſa
1046 2086 1200 2123 divinité.
1218 2086 1270 2123 Or
1290 2086 1405 2123 Michel
1421 2086 1591 2130 archange
1605 2095 1695 2120 nous

693 2139 852 2174 ordonna
864 2139 981 2175 d'aller
1004 2138 1149 2175 au-delà
1167 2139 1214 2174 du
1225 2138 1420 2184 Jourdain,
1441 2140 1526 2174 dans
1552 2151 1602 2173 un
1626 2139 1695 2175 lieu

692 2196 850 2233 très-bon
880 2196 910 2233 &
934 2195 1136 2238 abondant,
1169 2195 1215 2232 où
1235 2196 1312 2232 ſont
1338 2197 1504 2241 pluſieurs
1531 2194 1594 2242 qui
1617 2194 1694 2239 ſont
