1436 2358
610 437 666 471 340

841 429 1030 463 ADDITIONS

608 519 821 552 changemens,
844 516 1016 550 principaux
1026 512 1161 552 mêmes,
1179 510 1191 546 à
1208 509 1288 545 telles

608 581 774 621 enſeignes,
797 590 852 621 que
867 582 938 614 dans
957 581 985 614 la
1004 580 1128 615 ſeconde
1142 582 1289 614 continua-

610 651 672 682 tion
686 651 723 682 de
744 651 821 682 l’ami
843 651 894 681 des
914 650 1050 681 hommes
1067 651 1097 689 je
1110 660 1157 681 me
1169 650 1225 682 ſuis
1240 654 1290 678 ex-

606 714 780 757 preſſement
803 710 885 757 dédit
899 713 939 754 de
939 721 989 754 ce
1005 721 1061 742 que
1073 709 1176 741 j'avois
1193 693 1288 734 donné

608 792 684 821 pour
696 784 828 822 principe
841 783 1042 815 fondamental
1054 783 1126 814 dans
1142 792 1214 813 mon
1231 787 1290 821 pre-

610 846 684 876 mier
710 854 844 884 ouvrage.
889 845 997 883 J'avois
1009 841 1085 885 poſé
1104 854 1142 876 en
1162 843 1290 884 principe

610 923 668 951 que
681 912 709 944 la
727 914 846 946 richeſſe
865 911 990 946 dérivoit
1002 914 1050 946 de
1062 912 1090 945 la
1110 911 1289 952 population,

612 978 660 1016 j'ai
677 973 748 1007 noté
764 975 939 1005 moi-même’
947 984 1027 1007 mon
1027 984 1129 1006 erreur
1144 975 1181 1006 de
1198 978 1289 1009 trans-

612 1044 696 1087 poſer
717 1045 745 1078 la
763 1046 845 1079 cauſe
866 1048 894 1080 &
916 1046 1024 1087 l'effet,
1054 1047 1082 1079 &
1096 1044 1145 1085 j'ai
1165 1048 1290 1078 reconnu

611 1117 667 1144 que
685 1108 713 1135 la
731 1104 903 1147 population
934 1114 973 1135 ne
998 1102 1121 1145 pouvoit
1156 1101 1290 1144 provenir

611 1183 669 1212 que
687 1174 737 1205 des
758 1171 901 1213 richeſſes.
922 1171 949 1206 Il
970 1170 1042 1221 étoit
1057 1172 1127 1206 bien
1144 1172 1209 1212 plus
1231 1167 1291 1220 ſim-

611 1241 660 1275 ple
678 1233 715 1267 de
726 1236 842 1279 retablir
855 1236 917 1275 cela
933 1226 969 1266 au
981 1245 1093 1278 moyen
1106 1236 1142 1265 de
1156 1229 1290 1274 quelques

613 1307 808 1348 changemens
837 1318 875 1338 ou
900 1308 1046 1351 additions
1074 1303 1144 1339 bien
1163 1304 1288 1347 legeres;

613 1370 688 1409 mais
702 1372 731 1415 je
742 1377 789 1408 me
802 1367 859 1408 ſuis
873 1367 925 1410 fait
937 1375 978 1411 un
988 1361 1120 1412 ſcrupule
1128 1362 1167 1412 de
1179 1356 1288 1407 rendre,

612 1448 686 1483 pour
694 1437 770 1477 ainſi
790 1437 874 1485 dire,
895 1435 937 1481 les
950 1437 1091 1484 premiers
1103 1413 1288 1482 exemplaires

614 1505 696 1544 vains
715 1505 744 1543 &
762 1502 879 1547 inutiles
902 1503 973 1541 dans
990 1490 1041 1546 les
1056 1503 1148 1543 mains
1167 1502 1203 1542 de
1219 1479 1289 1541 ceux

612 1568 664 1610 qui
682 1567 725 1612 les
734 1567 853 1619 avoient
868 1569 992 1621 acquis,
1015 1557 1038 1613 &
1061 1577 1119 1612 une
1136 1564 1177 1610 loi
1195 1565 1235 1607 de
1252 1565 1291 1605 ne

613 1637 716 1679 jamais
731 1633 796 1679 rien
813 1636 938 1672 changer
955 1633 971 1662 à
994 1644 1055 1663 mes
1073 1642 1212 1673 ouvrages
1229 1626 1287 1672 déja

598 1699 747 1744 publiés,
772 1704 796 1728 &
819 1686 857 1728 de
882 1702 994 1727 donner
1011 1711 1049 1728 en
1068 1697 1232 1737 ſuplément
1257 1692 1286 1741 ce

614 1777 664 1812 qui
682 1777 828 1809 viendroit
848 1775 965 1809 enſuite.
