1616 2369
403 377 870 424 PHILOLOGIQUES.

994 379 1081 421 201

544 473 574 517 §.
612 475 717 506 XLII.

458 524 804 567 D'ANACRÉON.

184 600 265 695 C

265 619 291 644 E
320 609 419 643 Poëte
442 605 521 642 étoit
544 606 584 643 de
608 607 719 652 Téos,
742 607 817 644 ville
839 607 977 646 d'Ionie.
1043 609 1072 645 Il

288 650 371 701 paſſa
398 652 567 701 beaucoup
587 652 627 688 de
651 666 733 691 tems
753 658 771 691 à
796 655 824 690 la
845 658 937 692 Cour
958 657 999 693 de
1013 659 1072 693 Po-

185 708 317 757 lycrate,
345 717 393 741 cet
415 706 562 745 heureux
577 711 696 759 Tyran
714 710 754 746 de
770 713 903 752 Samos;
928 709 960 745 &
979 709 1000 744 il
1020 706 1072 744 fut

185 752 458 792 non-ſeulement
479 757 518 792 de
542 767 615 791 tous
636 753 682 791 ſes
702 754 832 807 plaiſirs,
861 758 939 792 mais
956 767 1074 792 encore

184 809 226 846 de
249 806 306 846 ſon
325 810 452 847 conſeil.
505 810 619 848 Platon
642 822 724 845 nous
741 810 866 859 aprend
888 810 942 860 qu'
952 812 1074 859 Hipar-

186 871 262 908 que,
284 860 351 896 l'un
375 862 430 898 des
453 861 502 901 fils
525 865 565 900 de
588 862 755 908 Piſiſtrate,
781 874 909 910 envoya
931 875 975 899 un
1001 863 1075 900 vaiſ-

184 912 258 951 ſeau
273 915 291 947 à
308 912 482 960 cinquante
504 925 610 950 rames
630 917 647 949 à
668 916 853 958 Anacréon,
881 916 913 951 &
932 916 976 952 Iui
994 918 1072 953 écri-

184 967 230 1002 vit
246 963 316 1000 fort
332 960 598 1010 obligeamment,
618 975 705 1012 pour
721 965 752 1001 le
767 965 921 1013 conjurer
938 966 978 1002 de
993 978 1075 1001 vou-

186 1015 251 1051 loir
273 1013 346 1049 bien
371 1017 465 1050 venir
481 1020 500 1051 à
518 1017 676 1060 Athènes,
702 1018 747 1051 où
771 1015 816 1050 ſes
840 1015 940 1050 beaux
958 1029 1074 1050 ouvra-

186 1077 243 1113 ges
263 1063 405 1103 ſeroient
419 1065 545 1102 eſtimés
570 1069 603 1103 &
618 1070 733 1114 goutés
750 1080 883 1104 comme
904 1070 941 1104 ils
963 1071 990 1105 le
1008 1071 1075 1105 mé-

185 1117 331 1157 ritoient.
384 1121 437 1156 On
456 1118 502 1155 dit
520 1131 585 1167 que
603 1119 631 1153 la
646 1119 709 1164 joie
725 1122 758 1156 &
780 1122 810 1155 le
827 1121 923 1168 paiſir
937 1121 1075 1157 feſoient

186 1167 245 1205 ſon
269 1168 394 1216 unique
414 1167 529 1211 étude,
558 1168 590 1203 &
615 1180 651 1202 ce
675 1169 732 1216 qui
755 1183 839 1205 nous
861 1171 943 1205 reſte
963 1173 1003 1207 de
1027 1170 1075 1210 ſes

187 1227 347 1263 ouvrages
360 1230 401 1254 en
416 1217 474 1257 fait
488 1218 546 1258 foi.
600 1222 656 1256 On
674 1220 741 1257 voit
760 1232 917 1269 par - tout
936 1222 1013 1258 dans
1030 1220 1077 1259 ſes

187 1280 279 1312 vers,
306 1281 371 1316 que
392 1268 422 1305 ſa
448 1271 535 1307 main
558 1270 637 1308 écrit
659 1282 695 1306 ce
720 1283 784 1320 que
806 1269 863 1307 ſon
884 1284 973 1309 cœur
999 1271 1076 1310 ſent.

188 1328 281 1364 Leur
302 1326 476 1368 délicateſſe
504 1327 535 1367 ſe
565 1326 625 1366 fait
653 1329 761 1367 mieux
790 1326 887 1365 ſentir
910 1326 1010 1379 qu'on
1034 1342 1077 1366 ne

187 1388 269 1429 peut
285 1378 482 1431 l'exprimer.
532 1382 616 1418 Rien
640 1394 681 1418 ne
703 1378 798 1419 ſeroit
820 1381 894 1433 plus
915 1380 1080 1420 eſtimable

189 1444 258 1481 que
286 1430 333 1470 ſes
360 1433 507 1486 poëſies,
542 1434 567 1473 ſi
593 1435 669 1473 elles
696 1436 825 1474 avoient
851 1446 899 1471 un
924 1436 1076 1490 meilleur

189 1486 291 1535 objet.

531 1555 562 1602 §.
599 1549 723 1585 XLIII.

193 1598 250 1638 Les
269 1597 452 1637 méchantes
474 1600 606 1647 langues
621 1612 661 1636 en
681 1609 836 1638 trouvent
859 1600 1002 1640 d'autres
1021 1603 1080 1650 qui

450 1650 512 1682 leur
530 1651 660 1682 rabatent
679 1652 703 1682 le
723 1660 828 1693 caquet.

406 1720 861 1775 FABLE

270 1820 323 1843 DE
358 1809 405 1837 LA
435 1797 604 1839 VIPÈRE
637 1813 690 1835 ET
722 1811 771 1833 DE
801 1810 851 1835 LA
880 1799 1003 1837 LIME.

197 1873 278 1957 O

278 1881 310 1914 N
337 1881 459 1908 CONTE
481 1869 574 1913 qu'un
587 1867 707 1911 ſerpent,
718 1870 811 1904 voiſin
824 1871 896 1905 d'un
909 1871 1061 1913 horloger,

297 1931 424 1969 (C'étoit
436 1930 515 1967 pour
526 1918 688 1960 l'horloger
699 1929 743 1962 un
758 1931 891 1965 mauvais
909 1921 1086 1969 voiſinage,)

195 1976 287 2012 Entra
305 1976 378 2010 dans
393 1975 424 2010 ſa
435 1975 579 2020 boutique
593 1976 625 2011 &
639 1975 796 2011 cherchant
811 1978 828 2010 à
840 1985 973 2020 manger,

300 2031 374 2075 N'y
393 2041 549 2068 rencontra
560 2041 638 2075 pour
657 2037 724 2064 tout
744 2041 851 2076 potage

684 2095 760 2136 N5

959 2099 1088 2141 Qu'une
