1629 2411
633 269 688 312 68

774 262 1015 320 TRAITE´
1015 262 1110 320 DE
1110 262 1369 320 L'ETUDE

638 343 803 384 Gallicane
811 343 890 384 dans
897 347 930 385 le
937 350 1072 389 Concile
1081 350 1205 393 d’Arles
1220 355 1261 392 de
1267 357 1329 394 l’an
1338 368 1401 404 314.
1418 360 1492 400 Elle

636 404 731 442 reçut
741 396 865 436 enſuite
873 400 903 438 le
910 401 1048 441 Concile
1058 403 1098 442 de
1105 407 1227 451 Nicée,
1250 412 1266 445 &
1281 410 1374 448 enfin
1374 411 1441 450 elle
1455 414 1490 452 ſe

635 447 736 488 ſervit
751 450 781 490 de
796 454 824 488 la
833 453 1019 494 Collection
1032 460 1219 507 approuvée
1232 473 1290 510 par
1303 464 1334 500 le
1349 465 1488 505 Concile

633 498 677 536 de
686 499 909 551 Calcedoine:
931 504 956 541 il
971 518 993 552 y
1007 519 1025 541 a
1040 521 1082 543 eu
1099 509 1140 546 de
1154 510 1264 550 même
1281 512 1337 550 des
1354 516 1486 554 Canons

631 558 717 603 pour
717 556 773 602 les
780 556 903 608 Egliſes
913 558 1092 612 d’Eſpagne
1102 568 1136 603 &
1145 565 1378 609 d'Angleterre.

682 609 727 642 Le
736 607 830 644 Code
842 611 917 647 MS.
927 609 967 647 de
976 612 1111 655 Corbie,
1128 613 1210 651 dont
1218 620 1307 663 parle
1313 623 1344 655 le
1352 623 1384 655 P.
1393 624 1485 660 Cou-

631 653 715 692 ſtant
723 654 801 694 dans
818 658 850 695 ſa
866 658 998 698 Préface
1013 661 1066 699 ſur
1079 663 1110 698 la
1126 666 1279 705 nouvelle
1295 669 1486 709 Collection

629 704 686 742 des
695 708 818 744 Lettres
834 707 888 747 des
905 712 1005 760 Papes
1019 716 1123 762 partie
1139 729 1167 752 2.
1183 719 1264 756 étoit
1280 718 1341 757 fait
1357 721 1433 761 dans
1450 724 1483 761 le

626 755 751 796 deſſein
768 758 809 797 de
825 760 1011 802 raſſembler
1033 765 1078 802 les
1100 768 1235 805 Canons
1252 770 1292 807 de
1310 770 1482 823 diſcipline

625 811 789 856 L’Auteur
797 815 854 862 qui
862 825 884 857 y
890 816 980 851 avoit
988 815 1120 855 ramaſſé
1130 821 1175 858 les
1190 823 1322 861 Canons
1340 822 1479 872 d’Ancy-

622 874 678 903 re,
693 861 735 900 de
742 862 965 909 Neoceſarée,
978 867 1020 905 de
1029 871 1191 922 Gangres,
1200 872 1241 912 de
1249 877 1364 920 Nicée,
1378 879 1477 918 d’An-

622 911 764 954 tioche,
789 913 832 951 de
854 914 1035 962 Laodicée,
1059 919 1100 958 de
1121 920 1411 977 Conſtantinople,
1435 926 1476 966 de

619 966 806 1018 Carthage,
822 968 863 1007 de
870 971 1041 1024 Valence,
1059 979 1080 1012 &
1098 978 1133 1016 de
1139 980 1271 1022 Turin,
1287 981 1333 1017 les
1351 985 1476 1022 Lettres

619 1017 671 1063 du
671 1018 758 1067 Pape
773 1019 936 1058 Innocent
936 1023 966 1059 I.
982 1036 1024 1060 au
1037 1024 1170 1073 Synode
1183 1029 1225 1068 de
1236 1028 1411 1071 Toulouſe
1427 1047 1474 1071 ou

619 1071 661 1108 de
672 1069 827 1113 Tolede,
842 1072 883 1110 de
896 1077 927 1113 S.
936 1078 1026 1113 Leon
1045 1091 1107 1115 aux
1126 1079 1275 1131 Evêques
1292 1083 1332 1121 de
1348 1087 1377 1122 la
1393 1089 1472 1125 Pro-

616 1121 713 1158 vince
729 1121 770 1159 de
785 1124 933 1167 Vienne,
954 1127 1114 1168 d’Hilaire
1129 1133 1148 1168 à
1163 1133 1273 1175 Leon,
1296 1139 1329 1172 &
1347 1138 1391 1175 les
1410 1140 1474 1175 Ca-

615 1183 701 1209 nons
710 1173 764 1212 des
771 1176 925 1217 Conciles
942 1179 1066 1220 d’Arles
1087 1188 1123 1220 &
1137 1183 1320 1235 d’Epaone,
1337 1189 1382 1226 les
1397 1191 1471 1228 Let-

615 1231 682 1259 tres
691 1222 735 1260 du
743 1224 853 1263 même
859 1228 944 1278 Pape
953 1231 1112 1269 Innocent
1119 1233 1138 1270 à
1147 1235 1251 1274 Rufus
1263 1243 1297 1276 &
1305 1241 1324 1276 à
1332 1238 1470 1282 Euſebe,

613 1274 655 1312 de
664 1278 864 1328 Symmaque
870 1281 890 1316 à
895 1281 1045 1326 Ceſaire,
1059 1284 1101 1324 de
1108 1287 1247 1326 Damaſe
1257 1292 1275 1327 à
1284 1292 1409 1335 Paulin,
1428 1294 1469 1332 de

611 1329 646 1365 S.
662 1327 826 1380 Auguſtin
840 1345 901 1369 aux
920 1334 1175 1377 Catechumenes
1190 1342 1291 1388 qu’on
1310 1344 1469 1393 appelloit

611 1378 705 1424 pour
705 1378 776 1426 lors
791 1390 974 1426 competens,
990 1384 1020 1421 la
1028 1388 1136 1426 Lettre
1145 1389 1185 1427 de
1193 1391 1306 1430 Paulin
1313 1396 1330 1430 à
1338 1393 1465 1437 Fauſte,

612 1431 644 1461 la
653 1426 825 1467 définition
835 1421 878 1466 du
887 1431 1024 1470 Concile
1033 1434 1072 1471 de
1082 1436 1296 1480 Calcedoine,
1316 1440 1345 1476 la
1355 1442 1466 1480 Lettre

610 1483 653 1521 de
661 1486 793 1525 Flavien
805 1487 820 1523 à
826 1491 916 1527 Leon
927 1495 961 1529 &
968 1490 1029 1529 ſon
1043 1492 1189 1541 Reſcrit;
1217 1500 1254 1534 &
1267 1500 1374 1546 parmi
1390 1511 1464 1538 tou-

608 1540 657 1577 tes
665 1547 716 1570 ces
725 1535 832 1573 Piéces
849 1541 865 1574 &
883 1538 928 1575 les
937 1540 1089 1582 Canons,
1105 1544 1163 1591 qui
1170 1542 1245 1580 ſont
1253 1558 1337 1596 pour
1351 1548 1382 1585 la
1392 1547 1463 1599 plû-

607 1593 682 1634 part
691 1584 748 1623 des
757 1588 909 1629 Conciles
919 1591 961 1628 de
968 1594 1109 1636 France,
1127 1596 1173 1634 les
1188 1599 1312 1637 Lettres
1321 1599 1364 1638 de
1371 1602 1465 1641 Leon

604 1639 625 1674 à
637 1637 819 1677 Anaſtaſius
837 1646 852 1679 &
872 1643 912 1680 de
919 1647 1023 1684 Sirice
1040 1648 1050 1683 à
1056 1649 1215 1696 Himere;
1232 1650 1388 1694 l’Auteur,
1397 1652 1463 1693 dis-

602 1689 654 1734 je,
672 1688 712 1726 de
721 1705 757 1728 ce
766 1690 861 1729 Code
868 1694 912 1731 les
924 1705 1078 1746 rapporte
1088 1697 1166 1738 dans
1174 1703 1204 1740 le
1213 1702 1334 1744 deſſein
1344 1707 1385 1745 de
1400 1707 1460 1746 fai-

601 1751 640 1775 re
648 1752 692 1776 un
700 1755 796 1793 corps
804 1742 844 1781 de
854 1747 986 1783 Canons
995 1752 1051 1799 qui
1061 1749 1235 1802 regardent
1245 1753 1289 1792 les
1298 1756 1406 1806 regles
1415 1756 1458 1797 de

601 1799 634 1835 la
640 1798 809 1845 diſcipline
824 1803 1080 1845 Eccleſiaſtique.

652 1847 697 1882 Le
706 1845 802 1883 Code
817 1861 882 1898 que
890 1850 921 1886 le
935 1852 968 1887 P.
984 1850 1127 1904 Queſnel
1141 1868 1160 1890 a
1172 1857 1285 1907 publié
1301 1858 1378 1898 dans
1394 1860 1455 1899 ſon

598 1898 737 1939 Edition
746 1900 788 1938 de
796 1903 827 1939 S.
834 1906 926 1942 Leon
936 1903 982 1941 eſt
992 1909 1136 1951 recuëilli
1143 1909 1197 1948 ſur
1204 1913 1234 1949 le
1244 1911 1353 1951 même
1370 1914 1455 1964 plan.

598 1951 654 1988 On
663 1964 685 1998 y
692 1960 809 1990 trouve
816 1954 863 1992 les
870 1957 1004 1996 Canons
1012 1958 1054 1997 de
1069 1960 1170 2001 Nicée
1190 1966 1226 2002 &
1241 1963 1281 2001 de
1294 1964 1454 2016 Sardique

1341 2021 1459 2063 mêlez
