1490 2097
150 275 186 329 le
205 277 378 341 principal
397 287 608 322 combatant
627 280 715 319 dans
726 278 758 313 la
767 265 942 316 veritable
954 261 1119 307 victoire,

152 347 247 393 pour
256 338 288 374 ſe
299 327 403 375 loüer
416 332 492 380 ſans
502 330 609 370 tache
620 330 665 367 de
677 325 814 371 vanité,
823 324 848 362 il
864 319 1034 364 envoïoit
1045 329 1120 356 une

153 384 318 444 peinture
329 388 389 437 qui
402 385 477 424 ſans
491 382 606 434 parler
615 380 733 421 faiſoit
745 381 805 417 ſon
817 370 1124 433 panegyrique,&

151 440 203 475 un
218 436 462 486 panegyrique
477 431 610 476 viſible,
623 429 695 468 afin
711 418 821 478 qu'on
838 421 1026 464 l'entendît
1043 420 1122 458 ſans

154 494 284 542 peine,
309 493 354 542 &
354 489 467 542 qu’on
476 486 509 526 le
518 482 678 536 comprît
688 491 769 523 tout
780 493 824 519 en
834 493 883 519 un
894 485 1071 519 moment.

454 564 494 601 L'
522 559 822 614 HISTOIRE.

154 626 242 689 627.

247 639 333 738 L

333 639 376 700 Es
388 633 514 683 peuples
530 632 704 686 d' Afrique
725 629 764 678 ſe
766 633 880 676 voyant
909 617 1122 659 crüellement

334 690 451 735 traités
469 698 532 732 par
549 686 591 729 les
609 681 843 734 Commiſſaires
860 677 900 719 de
928 673 1122 720 Maximin,

156 746 225 796 qui
225 744 443 794 recüeilloient
458 743 504 777 les
562 736 584 738 tributs,
688 735 923 786 proclamerent
938 732 1120 780 Empereur

158 800 296 841 Gordien
303 801 373 838 leur
383 790 623 839 Vice - Conſul,
651 790 689 828 &
706 786 813 824 celuioi
830 782 893 820 s’en
907 778 1087 830 defendant
1098 778 1125 822 à

157 849 255 896 cauſe
263 846 302 885 de
309 848 352 894 ſa
361 841 502 891 vielleſſe,
518 843 562 876 ils
571 848 765 885 accepterent
767 837 828 883 ſon
829 835 891 881 fils
911 832 990 880 auſſi
998 829 1125 869 nommé

159 901 319 951 Gordien:
333 910 370 944 en
375 905 475 938 même
483 912 561 938 tems
566 903 634 935 les
622 892 769 933 Romains
775 881 955 921 mécontens
955 881 1010 928 de
1003 878 1121 923 Ma-

155 960 277 994 ximin
284 951 304 999 à
313 949 403 994 cauſe
416 947 454 981 de
466 945 530 992 ſon
539 936 792 992 gouvernement
797 938 833 985 ſe
852 932 1054 973 declarerent
1079 929 1120 969 de

164 1003 233 1040 leur
238 1000 345 1056 parti.

455 1072 531 1124 LA
558 1064 819 1122 MORALE.

160 1145 248 1205 628.

251 1153 333 1254 L

333 1154 408 1242 Ors
425 1165 498 1197 que
516 1146 571 1196 les
586 1149 776 1197 Provinces
790 1141 941 1189 voiſines
956 1137 978 1187 à
998 1140 1033 1186 la
1041 1136 1123 1191 reſi-

344 1216 457 1253 dence
487 1210 536 1250 du
559 1206 682 1247 Prince
711 1206 791 1244 ſont
816 1196 1032 1242 maltraitées
1060 1194 1127 1237 des

164 1257 346 1306 Miniſtres
358 1273 405 1302 du
413 1257 718 1300 gouvernement,
729 1251 815 1296 elles
827 1249 898 1291 s'en
910 1246 1096 1288 plaignent
1096 1241 1129 1284 à

162 1314 196 1355 la
208 1305 310 1353 Cour
321 1313 356 1349 &
370 1324 419 1351 ne
430 1313 462 1350 ſe
480 1307 658 1349 revoltent
672 1315 745 1357 pas,
767 1303 801 1340 le
814 1296 1063 1351 changement
1075 1297 1126 1332 du

163 1362 323 1407 Miniſtre
334 1364 412 1402 leur
422 1361 522 1401 étant
539 1357 620 1410 plus
628 1357 731 1397 facile
750 1366 824 1405 que
837 1354 870 1390 le
881 1351 1127 1403 changement

164 1407 214 1454 du
225 1412 368 1455 Prince:
385 1412 473 1452 mais
493 1411 545 1448 les
557 1408 746 1449 Provinces
760 1403 956 1455 éloignées,
976 1405 996 1436 à
1013 1398 1073 1448 qui
1085 1403 1130 1442 le

165 1461 411 1517 changement
421 1463 463 1499 de
472 1458 712 1510 gouverneur
721 1458 770 1496 eſt
782 1457 855 1496 fort
869 1450 1020 1509 difficile,
1022 1451 1132 1508 pren-

168 1534 256 1563 nent
268 1524 300 1563 le
309 1523 398 1573 parti
411 1522 455 1559 de
470 1520 501 1558 ſe
512 1514 697 1559 ſouſtraire
710 1525 755 1553 au
765 1510 891 1552 Prince
904 1519 992 1559 pour
1005 1505 1039 1546 ſe
1049 1505 1130 1545 ſou-

169 1569 293 1612 ſtraire
300 1582 346 1610 au
356 1566 531 1609 Miniſtre.

481 1658 522 1703 L'
547 1652 844 1708 HISTOIRE.

167 1713 248 1760 629.

261 1706 367 1816 M

367 1705 507 1765 Aximin
522 1719 639 1767 envoïa
662 1709 791 1767 auſſitôt
812 1703 905 1754 ordre
930 1705 951 1752 à
971 1703 1131 1745 Capellien

378 1769 549 1819 Capitaine
569 1765 610 1806 de
629 1765 665 1809 la
680 1761 847 1810 Numidie
869 1761 909 1805 &
926 1761 966 1804 de
981 1760 1014 1799 la
1024 1762 1135 1801 Mau-
