1504 2180
921 419 988 454 141

260 487 380 528 haiter;
408 487 480 530 (car
496 486 517 522 il
541 485 585 521 eſt
599 499 644 520 un
666 497 786 527 terme,
814 489 859 521 où
883 487 902 521 il
925 487 992 522 s’en

259 535 331 572 faut
362 535 436 570 bien
468 547 531 581 que
558 548 594 570 ce
620 535 681 570 ſoit
705 550 749 570 un
772 536 840 569 vice
867 548 931 579 que
962 536 991 571 le

260 584 469 630 Paradoxe;)
484 595 558 618 tous
575 583 673 625 deux,
693 583 883 625 Meſſieurs,
900 585 993 618 n’ont

262 647 381 678 gueres
408 634 483 676 fait,
517 648 593 669 avec
627 635 672 669 les
697 635 771 680 plus
798 636 899 671 beaux
922 639 992 672 Ta-

263 691 350 728 lens,
377 686 541 731 qu’armer
556 686 599 720 du
619 684 758 732 preſtige
775 689 813 722 de
830 687 901 723 leur
916 687 992 723 Elo-

264 747 408 780 quence,
426 737 481 771 des
497 735 676 784 ſophiſmes
692 735 993 775 inſoutenables...

263 787 369 828 Mais,
395 781 631 831 avouons - le,
658 781 764 812 quelle
785 766 992 830 Eloquence!

263 844 294 879 Y
314 854 354 877 en
384 840 494 876 a-t-il
527 841 566 875 de
595 840 669 888 plus
699 840 891 877 féduiſante,
927 852 992 884 que

262 895 374 932 l’Eclat
395 895 426 932 &
448 894 476 929 le
496 894 593 930 noble
615 894 747 930 Brillant
765 893 807 928 du
825 896 992 939 premier?

263 942 303 977 de
327 941 402 989 plus
423 935 623 989 impoſante,
650 955 715 988 que
737 942 765 978 la
788 946 892 978 Force
916 944 946 979 &
963 943 992 978 la

260 996 399 1042 Majeſté
415 997 460 1033 du
474 995 615 1034 ſecond?
639 997 722 1035 C'eſt
738 997 904 1041 F'Iéchier,
920 995 993 1033 c'eſt

262 1045 408 1088 Boſſuet,
442 1044 522 1081 dans
549 1057 595 1079 un
623 1046 736 1081 Genre
767 1045 920 1081 différent
948 1044 993 1079 du

261 1094 341 1131 leur.
395 1095 482 1143 Quel
513 1094 690 1139 dommage
720 1107 785 1139 que
814 1096 870 1131 des
902 1098 991 1131 Ecri-

251 1144 350 1178 vains
366 1143 389 1178 ſi
406 1144 586 1178 eſtimables
607 1143 738 1189 n'ayent
757 1154 816 1186 pas
832 1143 889 1177 des
908 1145 990 1188 Opi-

251 1193 356 1225 nions
372 1190 447 1236 plus
462 1189 579 1226 ſaines!
602 1192 644 1227 Ils
659 1191 866 1236 triomphent
880 1190 992 1234 quand

260 1239 298 1276 ils
319 1248 491 1282 attaquent
513 1240 570 1274 des
585 1241 742 1279 Erreurs,
768 1249 828 1282 par
842 1238 991 1284 exemple

258 1286 305 1322 les
331 1296 455 1321 travers
487 1287 527 1322 de
555 1287 765 1322 l'Education
801 1297 989 1320 commune.

258 1337 285 1373 Il
307 1347 332 1384 y
352 1348 371 1370 a
391 1346 510 1370 encore
538 1334 618 1369 chez
645 1348 705 1369 eux
728 1348 792 1370 une
817 1336 990 1372 multitude

259 1385 481 1422 d’excellentes
496 1385 605 1426 Idées,
632 1397 777 1420 connues
800 1397 895 1420 avant
918 1398 990 1426 eux,

258 1436 340 1470 mais
373 1435 473 1481 qu’ils
501 1446 561 1471 ont
586 1436 729 1470 maniées
759 1436 860 1471 d’une
891 1432 990 1480 façon

258 1487 325 1520 très
348 1481 545 1531 ſupérieure.
597 1485 635 1529 Je
656 1497 708 1520 me
731 1482 791 1520 fais
819 1498 862 1518 un
885 1484 991 1530 plaiſir

251 1536 299 1572 de
320 1535 392 1570 leur
411 1536 529 1571 rendre
553 1538 572 1571 à
594 1536 659 1571 l’un
681 1538 712 1573 &
736 1539 754 1571 à
778 1536 888 1571 l'autre
908 1546 992 1570 cette

258 1586 367 1624 exacte
383 1586 505 1635 juſtice.
539 1589 647 1634 Après
664 1588 747 1630 cela,
770 1587 838 1623 fort
852 1589 992 1633 éloigné,

257 1645 389 1669 comme
412 1633 478 1668 l'on
497 1634 582 1675 voit,
610 1633 650 1669 de
672 1634 742 1670 leur
762 1634 893 1670 inſulter
914 1646 992 1669 avec

259 1685 510 1727 acharnement,
552 1697 595 1720 ou
635 1685 675 1720 de
718 1686 787 1720 leur
819 1684 993 1731 applaudir

257 1747 392 1772 comme
410 1737 428 1772 à
444 1735 500 1773 des
517 1734 643 1773 Guides
658 1736 757 1781 qu'on
775 1733 877 1783 puiſſe
895 1748 992 1783 pren-

668 1798 695 1831 K
725 1807 741 1840 5

924 1793 992 1839 dre,
