1595 2101
638 273 687 301 rée
705 281 817 304 comme
833 273 943 312 ſéparée
961 277 996 306 de
1011 277 1036 306 la
1051 276 1170 309 volonté
1186 280 1221 309 de
1234 280 1330 317 Dieu,
1350 279 1428 311 étant

638 315 753 343 donnée
769 316 783 340 à
799 315 848 342 des
865 316 1017 353 perſonnes
1032 317 1080 354 qui
1097 318 1159 348 ſont
1174 318 1242 348 dans
1258 322 1307 348 des
1330 320 1425 358 diſpo-

636 354 733 382 ſitions
749 353 927 388 différentes,
942 355 970 386 &
985 355 1053 385 dans
1067 363 1105 386 un
1128 357 1214 394 degré
1234 358 1367 390 différent
1388 361 1425 390 de

637 392 785 427 cupidité,
807 395 966 424 convertira
987 393 1028 423 les
1050 402 1126 431 uns,
1153 394 1181 426 &
1201 405 1238 426 ne
1263 398 1424 428 convertira

634 444 686 468 pas
701 435 741 466 les
761 444 862 468 autres.

677 471 735 497 Oui
750 471 933 511 ſans-doute,
951 468 989 499 lui
1003 468 1202 509 répondis-je;
1230 471 1256 502 &
1274 473 1362 512 par-là
1384 483 1424 505 on

633 511 703 541 peut
719 510 865 544 expliquer
880 510 1166 542 trés-naturellement
1186 520 1220 541 ce
1241 511 1348 550 paſſage
1374 513 1424 551 qui

635 548 730 581 paroît
746 548 859 579 difficile
875 548 889 577 à
902 550 969 579 bien
986 550 1035 579 des
1055 558 1148 588 gens:
1174 552 1295 584 Malheur
1317 554 1334 583 à
1359 564 1422 585 vous

637 587 776 622 Corazyn,
807 586 916 616 malheur
930 587 947 615 à
963 597 1023 618 vous
1036 589 1187 628 Bethſaïda,
1206 591 1264 622 &c.
1303 592 1379 624 Mais
1394 595 1423 625 le

636 628 708 649 tems
725 630 760 650 ne
778 629 849 651 nous
866 629 976 661 permet
989 632 1038 661 pas
1053 627 1087 654 de
1105 634 1176 657 nous
1196 635 1215 664 y
1232 627 1335 660 arrêter
1358 629 1420 667 pré-

633 664 800 692 ſentement.
839 665 869 700 Je
887 666 928 694 dis
943 666 1020 696 donc
1038 667 1106 705 qu’il
1121 669 1170 705 n’y
1183 678 1199 698 a
1211 670 1261 699 nul
1284 670 1423 701 inconvé-

634 704 714 731 nient
741 703 844 742 qu’une
872 703 965 735 même
997 713 1079 742 grace
1105 708 1187 745 agiſſe
1212 709 1421 742 différemment

635 741 678 771 ſur
695 742 744 770 des
759 744 910 780 perſonnes
925 742 1132 776 différemment
1156 746 1306 783 diſpoſées.
1343 750 1422 780 Mais

634 781 662 812 je
692 780 813 809 ſoutiens
844 781 910 818 qu’il
940 783 1060 813 n'arrive
1082 782 1179 820 jamais
1202 792 1258 821 que
1280 785 1306 814 la
1325 786 1421 817 même

632 824 713 848 grace
736 819 850 844 donnée
875 820 889 846 à
912 819 986 848 deux
1010 819 1162 856 perſonnes
1184 818 1344 859 également
1366 816 1420 854 dif-

631 858 753 891 poſées,
782 857 948 890 convertiſſe
972 862 1046 891 l’une
1068 860 1094 890 &
1115 868 1152 891 ne
1181 860 1348 894 convertiſſe
1370 871 1420 900 pas

631 897 747 924 l’autre:
769 903 802 923 ce
829 898 877 933 qui
908 897 947 924 eſt
976 900 1158 936 proprement
1177 900 1290 932 l’erreur
1309 899 1346 931 de
1364 909 1419 932 vos

631 944 801 976 Moliniſtes.

669 975 702 1003 Je
721 975 774 998 ſuis
796 978 944 1011 content,
955 978 1001 1001 me
1024 975 1064 1002 dit
1076 975 1111 1008 il,
1131 973 1167 1002 de
1187 979 1271 1006 votre
1293 975 1419 1013 explica-

628 1015 724 1046 tion,
750 1015 778 1044 &
801 1016 855 1045 elle
883 1017 1006 1047 diminue
1028 1019 1177 1056 beaucoup
1203 1020 1418 1057 l'éloignement

628 1056 684 1077 que
706 1053 805 1084 j'avois
827 1059 899 1087 pour
924 1059 1005 1081 votre
1029 1054 1160 1090 opinion.
1216 1055 1240 1085 ll
1270 1064 1315 1085 me
1344 1057 1415 1087 reſte

628 1086 796 1119 néanmoins
813 1098 918 1120 encore
939 1098 995 1121 une
1014 1094 1103 1131 petite
1123 1094 1267 1127 difficulté.
1308 1097 1355 1128 S'il
1377 1099 1418 1130 eſt

627 1131 711 1163 vrai,
738 1138 849 1160 comme
879 1141 952 1163 vous
980 1134 1005 1163 le
1030 1134 1128 1168 dites,
1153 1142 1209 1171 que
1237 1139 1312 1166 cette
1333 1144 1416 1174 grace

626 1169 829 1210 victorieuſe,
845 1170 870 1198 &
896 1172 945 1207 qui
971 1172 1120 1210 l'emporte
1150 1173 1194 1204 ſur
1218 1173 1245 1204 la
1275 1174 1415 1212 cupidité,

627 1208 715 1242 opère
734 1213 863 1242 toujours
880 1210 969 1241 l’effet
982 1219 1037 1249 que
1054 1211 1130 1242 Dieu
1146 1216 1217 1242 veut
1235 1213 1339 1250 qu’elle
1359 1211 1419 1250 ait,

625 1245 652 1271 &
678 1252 734 1281 que
762 1248 820 1277 ſans
847 1253 922 1275 cette
949 1254 1032 1285 grace
1059 1256 1098 1278 on
1120 1258 1160 1279 ne
1181 1251 1247 1282 faſſe
1270 1251 1365 1281 jamais
1387 1252 1417 1282 le

624 1285 709 1311 bien;
730 1289 871 1318 pourquoi
887 1288 980 1314 dit-on
995 1288 1123 1323 qu’entre
1145 1287 1186 1317 les
1204 1280 1355 1320 Chrétiens
1373 1288 1415 1318 les

623 1327 675 1348 uns
702 1325 764 1350 ſont
786 1327 846 1357 plus
867 1326 959 1359 forts,
980 1325 1006 1354 &
1027 1327 1066 1354 les
1087 1331 1180 1356 autres
1202 1328 1265 1363 plus
1286 1326 1415 1364 foibles?

623 1364 679 1394 Car
694 1370 759 1393 tous
776 1372 821 1395 me
837 1366 988 1403 paroiſſent
1012 1366 1171 1407 également
1188 1370 1319 1401 foibles:
1346 1378 1414 1402 tous

623 1406 677 1429 ont
704 1402 801 1432 beſoin
826 1410 898 1440 pour
924 1404 992 1433 faire
1019 1404 1046 1433 le
1065 1403 1148 1440 bien,
1170 1414 1226 1442 que
1253 1407 1331 1438 Dieu
1352 1407 1411 1437 leur

622 1440 740 1468 donnne
757 1447 813 1469 une
826 1449 908 1477 grace
925 1442 1041 1473 actuelle
1055 1443 1179 1474 efficace.
1221 1445 1324 1484 Quand
1344 1447 1363 1476 il
1385 1447 1411 1477 la

620 1479 681 1505 leur
695 1480 811 1510 donne,
832 1484 864 1507 ils
886 1484 950 1511 font
972 1482 1101 1516 toujours
1122 1482 1148 1511 le
1169 1484 1254 1513 bien:
1273 1483 1370 1521 quand
1388 1487 1409 1515 il

620 1523 658 1543 ne
674 1519 699 1543 la
712 1519 773 1544 leur
791 1520 887 1547 donne
908 1526 970 1556 pas,
995 1520 1028 1549 ils
1049 1529 1086 1550 ne
1107 1521 1134 1550 le
1154 1522 1218 1552 font
1239 1521 1346 1559 jamais.
1383 1522 1411 1555 A

617 1559 687 1587 quoi
710 1559 796 1583 ſert-il
822 1559 899 1585 donc
919 1560 954 1586 de
970 1560 1115 1588 s’avancer
1134 1558 1202 1588 dans
1222 1559 1249 1589 la
1269 1566 1367 1594 vertu,
1387 1560 1408 1590 ſi

617 1595 678 1624 l'on
706 1596 840 1626 demeure
870 1599 1000 1634 toujours
1024 1600 1091 1630 auſſi
1111 1597 1240 1634 foible?
1255 1603 1304 1634 Ou
1327 1607 1409 1640 peut-

618 1641 657 1663 on
690 1636 749 1665 dire
776 1644 833 1674 que
862 1637 920 1669 l'on
949 1648 968 1677 y
989 1639 1042 1670 ſoit
1066 1640 1200 1676 avancé,
1226 1640 1372 1680 lorſqu’on
1390 1652 1407 1672 a

616 1669 745 1705 toujours
771 1671 871 1705 beſoin
898 1671 948 1704 des
973 1670 1081 1708 mêmes
1101 1672 1245 1720 ſecours;
1268 1684 1340 1710 avec
1358 1675 1408 1707 leſ-
