1613 2428
408 399 540 442 pouvoir
562 400 623 435 être
643 412 714 444 reçu
735 402 831 446 parmi
855 406 897 439 les
918 405 1054 441 eſclaves.
1105 411 1133 441 O
1155 404 1278 451 Dieux!
1306 413 1395 445 voïez

408 460 473 491 mes
487 462 600 497 maux:
620 466 626 486 o
642 453 766 489 Hazaël!
787 457 1038 490 ſouvenez - vous
1055 459 1091 491 de
1107 460 1212 493 Minos
1230 461 1304 494 dont
1316 472 1392 495 vous

407 505 540 539 admirez
556 510 584 539 la
597 507 723 552 ſageſſe,
745 509 778 542 &
794 509 849 552 qui
868 520 947 542 nous
958 511 1063 551 jugera
1080 519 1149 544 tous
1164 514 1244 546 deux
1266 515 1340 547 dans
1362 519 1390 549 le

405 559 553 594 Roïaume
578 562 615 594 de
638 562 760 595 Pluton.

486 610 598 644 Hazaël
612 622 661 642 me
675 611 834 654 regardant
850 622 921 647 avec
933 625 977 646 un
993 612 1091 657 viſage
1107 617 1189 649 doux
1206 619 1238 652 &
1252 617 1391 657 humain,

405 673 456 698 me
471 665 570 699 tendit
584 667 612 699 la
626 667 710 700 main
725 669 758 700 &
772 677 819 698 me
834 671 941 701 releva.
983 672 1019 712 Je
1035 667 1174 712 n’ignore
1188 682 1259 713 pas,
1273 685 1321 704 me
1335 673 1392 707 dit-

404 719 452 759 il,
472 720 501 752 ſa
522 720 632 764 ſageſſe
656 723 688 755 &
709 725 737 754 la
757 731 842 755 vertu
866 726 1021 768 d’Ulyſſe:
1045 728 1170 760 Mentor
1187 728 1245 759 m’a
1266 730 1388 762 raconté

403 768 550 808 ſouvent,
578 771 677 812 quelle
698 769 795 812 gloire
814 773 837 804 il
856 783 872 803 a
899 774 1017 815 acquiſe
1040 772 1135 816 parmi
1155 776 1198 808 les
1220 778 1328 815 Grecs;
1355 780 1388 813 &

402 822 556 857 d'ailleurs
572 825 599 854 la
615 831 753 865 prompte
772 827 944 859 renommée
962 840 977 859 a
995 829 1050 861 fait
1069 830 1211 864 entendre
1234 829 1289 863 ſon
1302 842 1386 869 nom

401 875 422 901 à
442 878 510 903 tous
531 876 572 902 les
591 873 718 914 peuples
741 869 890 909 d’Orient.
934 876 1137 916 Suivez-moi,
1158 879 1204 911 fils
1228 880 1388 924 d’Ulyſſe,

400 926 430 966 je
447 925 521 957 ſerai
533 932 616 958 votre
632 927 720 968 père,
739 926 863 969 juſqu’à
878 937 910 960 ce
927 940 986 970 que
1006 941 1081 963 vous
1099 933 1165 964 aïez
1184 936 1322 965 retrouvé
1339 947 1386 968 ce-

400 978 449 1009 lui
469 978 523 1019 qui
546 988 623 1010 vous
642 989 660 1009 à
680 978 782 1012 donné
800 981 828 1013 la
848 979 905 1012 vie.
951 983 1064 1020 Quand
1077 984 1174 1016 même
1194 987 1223 1024 je
1239 996 1276 1017 ne
1291 988 1384 1022 ſerois

399 1041 455 1073 pas
468 1032 580 1066 touché
593 1033 630 1066 de
646 1035 674 1066 la
688 1034 786 1078 gloire
799 1036 836 1069 de
852 1042 935 1068 votre
951 1038 1039 1079 père,
1058 1038 1095 1069 de
1118 1038 1162 1070 ſes
1184 1042 1334 1074 malheurs
1351 1044 1383 1079 &

399 1087 453 1121 des
467 1088 585 1125 vôtres,
599 1086 723 1122 l'amitié
740 1099 799 1133 que
814 1088 864 1131 j'ai
884 1101 962 1133 pour
981 1093 1107 1126 Mentor
1124 1092 1344 1136 m’engageroit
1365 1099 1384 1130 à

400 1140 529 1182 prendre
544 1141 611 1175 ſoin
629 1143 665 1175 de
682 1153 768 1176 vous.
813 1147 841 1178 Il
854 1145 896 1177 eſt
910 1144 970 1178 vrai
984 1157 1045 1189 que
1063 1146 1093 1187 je
1113 1147 1163 1180 l’ai
1181 1149 1284 1183 acheté
1301 1161 1383 1184 com-

399 1203 449 1225 me
465 1192 604 1238 eſclave:
617 1192 692 1225 mais
707 1196 736 1235 je
756 1195 785 1226 le
797 1195 888 1238 garde
908 1207 1027 1230 comme
1048 1208 1092 1230 un
1115 1200 1175 1232 ami
1194 1201 1297 1242 fidèle;
1316 1203 1381 1236 l’ar-

399 1252 476 1286 gent
488 1248 573 1287 qu’il
589 1248 646 1280 m’a
663 1250 772 1287 coûté,
793 1250 848 1281 m’a
864 1251 968 1292 acquis
981 1253 1009 1284 le
1030 1253 1099 1293 plus
1122 1254 1194 1286 cher
1209 1255 1242 1286 &
1259 1257 1288 1289 le
1310 1258 1383 1297 plus

398 1293 545 1338 précieux
560 1293 620 1326 ami
634 1305 692 1336 que
705 1298 776 1337 j’aïe
790 1296 838 1330 ſur
854 1299 883 1330 la
896 1290 982 1333 terre.
1024 1300 1083 1344 J'ai
1102 1301 1208 1332 trouvé
1229 1313 1269 1334 en
1286 1305 1332 1335 lui
1353 1308 1383 1339 la

398 1346 528 1399 ſageſſe;
548 1353 577 1393 je
591 1351 636 1385 lui
652 1352 718 1387 dois
735 1361 804 1388 tout
815 1366 848 1387 ce
862 1366 921 1398 que
937 1356 989 1397 j'ai
1001 1358 1139 1391 d'amour
1152 1367 1231 1399 pour
1243 1360 1273 1391 la
1284 1369 1380 1397 vertu.

393 1403 460 1437 Dès
474 1411 508 1432 ce
523 1410 659 1435 moment
671 1402 694 1435 il
708 1405 751 1436 eſt
766 1404 859 1441 libre,
874 1415 949 1437 vous
965 1407 992 1438 le
1007 1406 1087 1438 ſerez
1101 1408 1190 1448 auſſi;
1207 1408 1235 1449 je
1250 1419 1289 1440 ne
1303 1419 1381 1443 vous

397 1455 545 1489 demande
563 1457 581 1488 à
594 1457 659 1490 l’un
681 1458 698 1491 &
724 1461 741 1491 à
755 1458 860 1490 l’autre
875 1469 934 1499 que
946 1466 1031 1491 votre
1051 1470 1143 1494 cœur.

477 1508 525 1540 En
538 1518 581 1540 un
597 1507 708 1543 inſtant
724 1509 753 1547 je
769 1508 860 1550 paſſai
877 1510 914 1542 de
930 1512 956 1541 la
968 1510 1038 1551 plus
1055 1512 1151 1545 amère
1166 1513 1297 1548 douleur
1314 1518 1332 1547 à
1350 1518 1380 1549 la

395 1560 466 1598 plus
479 1558 546 1589 vive
558 1558 621 1600 joie
632 1568 691 1601 que
707 1561 749 1591 les
764 1561 888 1593 mortels
902 1559 1032 1604 puiſſent
1044 1561 1144 1604 ſentir.
1165 1564 1203 1608 Je
1216 1577 1265 1598 me
1275 1563 1378 1603 voïois

393 1611 484 1644 ſauvé
494 1612 568 1645 d’un
584 1612 716 1647 horrible
732 1613 860 1654 danger;
872 1612 902 1653 je
917 1613 1139 1657 m'approchois
1152 1623 1191 1652 de
1204 1630 1278 1651 mon
1292 1626 1376 1661 païs:

393 1668 423 1708 je
446 1667 585 1700 trouvois
608 1681 650 1701 un
672 1668 792 1702 ſecours
814 1678 893 1709 pour
912 1680 934 1712 y
952 1678 1125 1712 retourner;
1148 1673 1182 1715 je
1203 1673 1328 1717 goûtois
1347 1678 1377 1708 la

392 1715 585 1751 conſolation
599 1718 689 1751 d’être
704 1719 810 1761 auprès
825 1718 899 1752 d’un
912 1719 1035 1754 homme
1050 1722 1104 1765 qui
1124 1723 1274 1757 m’aimoit
1289 1724 1375 1772 déjà,

392 1780 445 1811 par
460 1772 489 1802 le
504 1779 562 1812 pur
574 1781 681 1803 amour
693 1773 730 1805 de
747 1775 775 1804 la
790 1778 883 1806 vertu.
928 1776 1017 1810 Enfin
1036 1778 1066 1817 je
1088 1777 1225 1812 trouvois
1240 1784 1310 1812 tout
1333 1790 1375 1815 en

390 1831 565 1858 retrouvant
580 1826 706 1858 Mentor
719 1834 797 1867 pour
811 1836 848 1857 ne
865 1828 892 1859 le
906 1828 975 1871 plus
990 1829 1114 1873 quitter.

470 1876 584 1911 Hazaël
605 1878 739 1910 s’avance
760 1878 808 1909 ſur
827 1881 855 1912 le
879 1880 956 1913 bord
973 1880 1014 1914 du
1029 1879 1148 1923 rivage;
1169 1890 1248 1914 nous
1268 1884 1298 1916 le
1312 1883 1372 1919 ſui-

388 1938 485 1965 vons;
506 1939 547 1960 on
568 1933 653 1960 entre
670 1927 743 1961 dans
761 1928 788 1959 le
803 1930 945 1970 vaiſſeau;
966 1934 1010 1965 les
1032 1941 1164 1967 rameurs
1184 1933 1310 1968 fendent
1326 1936 1372 1972 les

390 1981 485 2015 ondes
503 1982 649 2027 paiſibles.
694 1985 745 2016 Un
763 1985 868 2029 zéphir
880 1988 964 2030 léger
974 1989 1005 2020 ſe
1016 1989 1089 2030 joue
1103 1987 1176 2021 dans
1189 1999 1247 2022 nos
1259 1990 1372 2032 voiles;

389 2034 414 2068 il
428 2034 527 2068 anime
543 2043 611 2069 tout
625 2039 654 2071 le
666 2036 793 2070 vaiſſeau
802 2039 833 2072 &
843 2038 888 2071 lui
905 2041 1006 2072 donne
1018 2051 1061 2072 un
1069 2041 1153 2073 doux
1164 2047 1376 2081 mouvement.

385 2090 469 2128 L'ile
483 2090 522 2123 de
535 2093 636 2134 Cypre
651 2091 799 2135 disparoît
813 2093 942 2129 bientôt.
984 2096 1098 2138 Hazaël
1110 2094 1166 2139 qui
1174 2097 1257 2133 avoit
1275 2100 1375 2141 impa-
