1899 2589
667 249 751 300 470

816 256 1151 308 REMARQUES
1151 256 1282 308 SUR
1282 256 1513 308 POMPÉE.

675 321 713 360 V.
737 319 799 360 25.
831 329 961 358 L'ardeur
970 335 1004 366 de
1017 337 1043 372 le
1050 344 1151 375 venger
1159 338 1226 376 dans
1236 349 1304 377 mon
1314 351 1375 381 ame
1385 346 1522 392 allumée,

712 417 858 450 L'ardeur
876 422 911 451 de
926 421 950 450 le
965 428 1086 460 venger,
1102 430 1143 451 ne
1161 420 1192 453 ſe
1210 428 1354 464 rapporte
1370 421 1388 453 à
1403 423 1491 469 rien;
1506 423 1567 459 elle
1582 432 1661 460 veut

668 465 736 497 dire
750 468 890 509 Pompée:
906 467 983 500 mais
1001 479 1036 499 ce
1050 468 1168 512 régime
1179 469 1221 503 eſt
1232 478 1302 515 trop
1320 470 1459 515 éloigné.

674 542 711 582 V.
735 540 796 581 26.
828 549 873 578 En
885 548 1022 578 attendant
1037 549 1134 583 Céſar,
1150 549 1282 580 demande
1293 552 1446 582 Ptolomée.

711 630 876 673 Pourquoi
894 639 959 662 tant
976 632 1098 675 répéter
1116 633 1233 676 qu’elle
1250 644 1330 669 veut
1343 635 1374 668 la
1389 638 1454 670 tête
1465 637 1506 670 de
1517 633 1622 685 Céſar,
1629 639 1661 671 le

667 687 810 719 vengeur
823 679 864 711 de
879 680 936 711 ſon
947 680 1049 712 mari?
1061 691 1123 724 que
1137 681 1311 717 dirait-elle
1322 684 1362 715 de
1374 684 1447 728 plus
1465 685 1514 718 s’il
1527 697 1569 718 en
1583 687 1660 719 était

667 724 839 758 l’aſſaſſin?
863 728 978 768 Pompée
997 725 1163 758 lui-même
1184 728 1276 760 eût-il
1297 729 1454 762 demandé
1473 731 1504 763 la
1526 733 1591 763 tête
1620 734 1660 764 de

669 773 779 816 Céſar?
792 774 881 808 eſt-ce
899 774 972 807 ainſi
985 776 1085 819 qu’on
1099 776 1170 808 doit
1182 777 1287 810 traiter
1300 778 1331 810 le
1344 777 1416 822 plus
1430 779 1589 821 généreux
1601 780 1659 813 des

667 821 887 864 vainqueurs?
903 826 951 857 Ce
976 825 1147 858 ſentiment
1167 828 1222 859 eût
1242 827 1293 861 été
1312 827 1403 861 lâche
1427 830 1505 861 dans
1521 830 1659 876 Pompée;

665 872 827 914 pourquoi
841 872 971 906 ſerait-il
987 875 1068 907 beau
1082 876 1160 908 dans
1174 875 1324 919 Cornélie?

671 952 710 993 V.
729 953 794 994 32.
826 959 880 988 Par
892 958 919 987 la
930 958 1006 989 main
1019 959 1078 988 l'un
1092 958 1126 989 de
1137 961 1230 990 l'autre
1244 963 1278 990 ils
1292 963 1417 1002 périront
1429 972 1490 991 tous
1505 964 1589 993 deux.

708 1041 830 1075 Encore
841 1043 897 1076 des
908 1042 1048 1076 ſouhaits
1062 1054 1146 1087 pour
1152 1044 1182 1077 la
1193 1053 1277 1078 mort
1287 1046 1326 1080 de
1337 1047 1439 1090 Céſar!
1449 1049 1551 1092 qu'un
1563 1049 1658 1082 ſenti-

664 1096 755 1121 ment
767 1091 921 1123 contraire
934 1090 1025 1123 ſerait
1038 1091 1112 1135 plus
1130 1093 1254 1126 noble!

669 1166 708 1205 V.
727 1165 793 1211 37.
825 1171 865 1200 Le
881 1171 931 1199 ciel
943 1170 989 1200 ſur
1003 1180 1054 1201 nos
1064 1170 1183 1201 ſouhaits
1199 1182 1234 1201 ne
1248 1172 1323 1211 règle
1336 1183 1384 1212 pas
1397 1175 1435 1202 les
1449 1175 1564 1209 choſes;

664 1245 705 1280 eſt
718 1254 788 1288 trop
803 1246 983 1290 proſaïque.

666 1312 705 1353 V.
724 1309 789 1350 38.
821 1317 860 1346 Le
874 1318 926 1346 ciel
936 1318 1011 1356 règle
1022 1319 1135 1347 ſouvent
1147 1322 1185 1347 les
1200 1322 1271 1349 effets
1282 1334 1329 1359 ſur
1342 1335 1381 1359 les
1396 1336 1493 1361 cauſes.

662 1400 704 1435 eſt
727 1409 796 1446 trop
820 1402 1028 1451 didactique;
1048 1411 1079 1436 et
1099 1411 1173 1437 tous
1192 1416 1243 1438 ces
1260 1406 1400 1441 diſcours
1424 1409 1499 1442 ſont
1519 1409 1559 1442 de
1578 1408 1652 1453 plus

660 1448 878 1484 très-inutiles.

664 1530 703 1557 V.
723 1520 787 1566 45.
820 1530 951 1562 Chacune
965 1542 980 1560 a
990 1534 1041 1561 ſon
1054 1534 1123 1572 ſujet
1134 1533 1270 1574 d'aigreur
1281 1545 1320 1563 ou
1333 1536 1367 1564 de
1378 1541 1527 1576 tendreſſe;

661 1607 701 1640 eſt
716 1616 786 1652 trop
800 1610 844 1643 du
855 1610 932 1655 ſtyle
946 1613 986 1644 de
999 1611 1030 1643 la
1045 1611 1201 1646 comédie.

944 1709 1203 1744 SCENE
1249 1717 1363 1748 III.

661 1789 701 1831 V.
734 1787 773 1829 5.
821 1802 939 1834 Auſſitôt
946 1805 1001 1837 que
1016 1799 1097 1826 Céſar
1111 1809 1156 1827 eut
1168 1798 1200 1827 ſu
1214 1802 1241 1827 la
1255 1803 1378 1838 perfidie.
1393 1819 1451 1843 ...

698 1877 726 1911 Il
740 1878 821 1910 faut,
835 1888 854 1909 a
856 1876 897 1920 ſu
910 1880 938 1909 la
950 1878 1080 1922 perfidie.

658 1941 700 1982 V.
732 1940 772 1980 6.
817 1955 883 1992 Ah!
894 1959 925 1985 ce
935 1949 998 1988 n'eſt
1007 1958 1054 1986 pas
1063 1960 1104 1986 ces
1110 1951 1186 1992 ſoins
1194 1961 1248 1988 que
1251 1955 1282 1988 je
1292 1962 1362 1992 veux
1372 1954 1457 1991 qu'on
1467 1964 1511 1994 me
1520 1953 1575 1990 die.

694 2024 752 2059 Die
764 2024 841 2057 était
853 2035 894 2056 en
912 2022 1032 2072 uſage;
1041 2024 1118 2059 mais
1135 2035 1178 2058 on
1198 2037 1239 2059 ne
1261 2026 1308 2059 dit
1322 2037 1378 2071 pas
1394 2031 1444 2062 des
1454 2026 1560 2073 ſoins;
1577 2029 1644 2064 cela

650 2077 727 2112 n'eſt
737 2089 793 2122 pas
803 2078 944 2120 français.
