1721 2489
180 451 399 502 vingt-quatre
415 453 533 504 parties
549 453 619 491 d'or
632 468 715 506 pur,
739 458 771 495 &
791 457 893 494 l’once
919 459 959 494 de
987 461 1052 496 mê-

176 512 246 537 me:
272 505 352 539 mais
365 505 396 541 le
412 516 497 539 carat
511 503 556 540 du
569 517 675 549 marc,
688 505 763 556 pèſe
776 508 847 544 huit
861 504 924 542 fois
940 520 1051 545 autant

175 566 240 604 que
255 554 285 593 le
303 571 387 596 carat
405 558 445 595 de
456 558 568 609 l’once.

514 659 540 705 §.
591 665 710 699 LXXI.

271 722 588 760 Contentement
621 717 718 773 paſſe
751 721 950 775 richeſſes.

171 795 228 880 S

228 795 279 855 E'
293 801 398 858 NE'QUE
419 807 469 848 dit
488 808 567 863 qu'il
586 811 643 862 n'y
658 828 676 849 a
699 816 794 864 point
814 816 853 851 de
872 817 1046 852 différence

249 860 340 890 entre
351 852 502 905 poſſéder
516 869 581 895 une
603 853 697 895 choſé
717 858 749 894 &
766 869 806 894 ne
820 856 850 893 la
865 858 959 908 point
977 857 1046 895 ſou-

164 898 283 948 haiter.

247 993 331 1028 Dans
348 1002 389 1026 un
401 989 462 1026 lieu
481 994 521 1026 du
535 989 616 1027 bruit
632 990 729 1033 retiré,

247 1032 314 1077 Où,
329 1053 406 1079 pour
419 1053 478 1078 peu
492 1041 583 1079 qu’on
598 1040 653 1070 ſoit
667 1029 799 1077 modéré,

247 1110 297 1136 On
311 1106 382 1133 peut
396 1097 513 1123 trouver
527 1101 585 1133 que
599 1100 666 1125 tout
682 1092 807 1126 abonde.

246 1157 319 1197 Sans
333 1163 456 1195 amour,
477 1135 544 1175 ſans
564 1166 724 1198 ambition,

242 1215 354 1250 Exemt
364 1214 399 1247 de
416 1223 497 1248 toute
515 1214 641 1259 paſſion,

243 1275 278 1320 Je
294 1272 374 1317 jouïs
398 1275 487 1310 d’une
502 1276 571 1321 paix
586 1277 745 1322 profonde;

241 1334 280 1372 Et
291 1349 369 1381 pour
382 1334 527 1372 m’aſſurer
543 1342 569 1372 le
589 1339 649 1373 ſeul
659 1336 792 1376 bien

244 1394 312 1442 Que
324 1395 384 1430 l’on
403 1396 466 1431 doit
478 1395 590 1432 eſtimer
605 1410 642 1431 au
660 1398 785 1438 monde,

241 1453 326 1489 Tout
340 1465 371 1486 ce
378 1466 435 1497 que
448 1452 474 1494 je
483 1451 537 1487 n'ai
546 1466 612 1496 pas,
626 1453 653 1495 je
663 1457 689 1487 le
698 1463 815 1497 compte
829 1464 907 1496 pour
921 1453 992 1489 rien.

448 1568 521 1614 §.
553 1571 707 1608 LXXII.

459 1619 536 1657 Du
579 1615 748 1668 Caſtor.

156 1701 234 1793 L

234 1716 250 1739 E
285 1698 466 1739 CASTOR
487 1699 595 1751 paroit
626 1698 716 1738 avoir
753 1705 833 1741 trois
863 1704 883 1741 à
921 1717 1036 1755 quatre

254 1752 346 1795 pieds
373 1750 413 1776 de
438 1749 534 1787 long,
562 1758 634 1773 tout
658 1758 699 1774 au
721 1751 812 1790 plus,
844 1756 899 1798 ſur
928 1760 1037 1801 douze

161 1814 207 1841 ou
228 1808 347 1856 quinze
370 1810 490 1858 pouces
519 1807 560 1844 de
587 1807 728 1856 largeur.
778 1812 845 1847 Son
866 1813 935 1862 poil
955 1814 1037 1847 dans

161 1854 206 1895 les
237 1869 319 1910 pays
357 1856 642 1911 ſeptentrionnaux
679 1857 726 1901 eſt
765 1864 1035 1906 communément

160 1913 244 1951 noir.
309 1913 340 1954 Il
361 1917 423 1955 tire
444 1916 498 1956 ſur
515 1915 545 1953 le
563 1913 660 1954 fauve
675 1916 707 1956 &
721 1916 898 1964 s’éclaircit,
923 1922 940 1955 à
967 1930 1033 1955 me-

160 1960 233 2005 ſure
256 1966 356 2011 qu'on
388 1974 506 1997 avance
533 1960 612 1997 dans
638 1961 684 2000 les
717 1968 841 2001 climats
861 1970 1033 2017 tempérés.

158 2019 189 2058 Il
214 2034 232 2059 a
251 2022 339 2061 deux
358 2022 459 2065 ſortes
479 2012 524 2059 de
550 2020 656 2072 poils,
686 2020 718 2060 le
738 2024 809 2077 poil
829 2026 909 2074 long
938 2027 972 2064 &
1002 2028 1033 2064 le
