1629 2411
406 445 445 481 ib.
454 452 486 486 p.
502 450 564 483 824.

403 603 441 636 ib.
449 610 481 645 p.
497 612 561 641 1331.

403 907 476 949 ib.p.
492 911 560 945 1326.

578 313 641 352 762

721 297 947 349 TRAITE
971 306 1040 338 DE
1072 302 1312 342 L'ETUDE

580 387 664 417 tems
682 378 722 417 de
737 382 766 416 la
782 390 872 417 mort
888 380 933 417 du
948 383 1042 432 Pape
1049 379 1174 420 Adrien
1189 387 1228 421 II.
1243 384 1435 424 l'Hiſtorien

579 432 738 471 Aimoin,
753 434 789 467 &
804 430 865 467 fait
880 431 1039 481 pluſieurs
1057 442 1163 469 autres
1184 432 1287 474 fautes
1310 431 1391 472 dont
1408 436 1434 471 il

577 481 680 519 ſeroit
696 492 771 530 trop
781 494 957 528 ennuyeux
967 484 1006 519 de
1017 484 1099 522 faire
1115 487 1160 521 ici
1174 484 1433 523 l’énumeration.

578 533 766 582 J'ajoûterai
782 535 963 573 ſeulement
978 549 1042 586 que
1050 539 1161 574 Binius
1173 549 1190 572 a
1201 539 1351 588 rapporté
1360 539 1432 576 ſous

578 587 610 624 le
626 589 711 637 Pape
727 591 818 625 Luce
833 590 872 624 II.
887 603 933 625 un
949 589 1090 628 Concile
1105 589 1149 626 de
1163 593 1286 627 France
1306 591 1364 640 qui
1386 590 1434 629 eſt

576 637 608 673 le
625 637 736 675 même
753 650 818 686 que
834 639 917 675 celui
935 642 992 689 qui
1018 653 1036 676 a
1059 640 1109 677 été
1130 649 1208 678 tenu
1231 644 1248 678 à
1273 644 1352 679 Sens
1370 642 1433 679 l’an

577 697 660 732 1140.
678 700 793 730 contre
811 693 921 730 Pierre
939 691 1089 735 Abelard,
1105 695 1162 742 qui
1177 692 1250 731 doit
1266 694 1334 732 être
1344 694 1434 743 placé

576 741 651 778 ſous
668 744 826 780 Innocent
842 746 879 780 II.
898 744 957 781 ſon
972 740 1212 798 prédeceſſeur;
1228 747 1258 782 la
1274 745 1374 784 durée
1388 745 1433 782 du

578 797 755 834 Pontificat
771 794 812 832 de
829 797 917 833 Luce
933 800 1062 844 n’ayant
1075 797 1127 832 été
1143 809 1207 846 que
1222 798 1338 836 d’onze
1348 799 1433 834 mois

576 854 651 881 tout
666 861 704 882 au
721 846 812 896 plus,
834 852 868 885 &
886 862 923 884 ce
941 850 1027 898 Pape
1043 850 1164 885 n’étant
1182 859 1271 885 mort
1290 862 1355 899 que
1370 850 1433 886 l'an

575 910 653 943 1145.
687 897 779 937 C’eſt
779 906 902 938 encore
919 913 964 934 un
974 898 1223 939 anachroniſme
1241 901 1282 938 de
1296 911 1432 951 rappor-

577 958 629 984 ter
648 949 665 984 à
681 950 709 985 la
729 948 839 985 même
862 949 964 985 année
988 961 1072 995 1140.
1095 951 1128 986 le
1150 951 1290 989 Concile
1314 961 1394 990 tenu
1415 950 1435 986 à

576 999 719 1040 Soiſſons
738 1010 853 1037 contre
869 1002 901 1037 le
921 1001 1030 1040 même
1054 1002 1207 1042 Abelard.
1233 1007 1260 1043 Il
1283 1005 1330 1041 eſt
1355 998 1434 1041 tres-

577 1053 701 1088 certain
719 1053 796 1103 qu’il
813 1065 834 1099 y
852 1066 869 1088 a
885 1067 927 1090 eu
946 1062 1036 1091 entre
1054 1054 1084 1090 la
1100 1064 1199 1092 tenue
1222 1055 1264 1095 de
1290 1071 1328 1093 ce
1344 1057 1434 1094 Con-

578 1103 641 1139 cile
659 1106 693 1140 &
710 1103 752 1139 de
770 1104 855 1140 celui
875 1105 916 1142 de
930 1105 1009 1141 Sens
1024 1118 1070 1141 un
1087 1105 1259 1143 intervalle
1282 1104 1323 1142 de
1340 1108 1433 1153 vingt

578 1171 655 1205 ans,
670 1163 849 1209 quoiqu’en
867 1162 936 1201 diſe
958 1160 1168 1203 Génebrard,
1194 1167 1252 1217 qui
1268 1177 1310 1202 ne
1326 1165 1371 1204 les
1387 1165 1433 1203 ſé-

581 1221 660 1259 pare
675 1224 738 1258 que
754 1210 830 1246 d’un
849 1225 909 1257 an;
936 1211 1008 1250 c’eſt
1026 1215 1056 1249 la
1071 1225 1247 1263 remarque
1271 1213 1312 1252 de
1336 1216 1433 1252 Fran-

581 1269 650 1311 çois
674 1265 861 1305 d'Amboiſe
885 1269 963 1305 dans
990 1268 1022 1306 ſa
1048 1267 1179 1308 Préface
1202 1267 1433 1323 apologetique

579 1319 635 1359 fur
653 1321 697 1359 les
711 1323 859 1359 Oeuvres
875 1320 1050 1362 d’Abelard
1074 1321 1144 1372 (b).

1286 1421 1434 1465 ARTI-

621 1485 663 1523 (b)
684 1486 792 1519 Platina
815 1506 823 1515 .
846 1505 856 1520 ,
879 1506 886 1515 .
909 1506 916 1515 .
939 1494 971 1515 ea
986 1496 1050 1528 quæ
1063 1487 1101 1518 de
1114 1488 1213 1521 noſtro
1230 1489 1379 1522 Abælardo
1389 1489 1436 1521 alii

580 1527 616 1558 ad
633 1534 764 1569 tempora
778 1529 945 1561 Innocentii
960 1532 994 1561 II.
1012 1532 1171 1569 referunt,
1193 1531 1243 1563 ille
1257 1532 1292 1563 ad
1308 1533 1389 1565 Lucii
1401 1533 1436 1563 II.

582 1572 783 1614 pontificatum
810 1573 932 1605 retrahit
956 1595 963 1603 .
986 1598 993 1606 .
1015 1599 1023 1608 .
1045 1576 1078 1606 in
1107 1577 1186 1608 hunc
1213 1577 1329 1609 Platinæ
1355 1585 1433 1607 erro-

582 1623 645 1644 rem
669 1641 746 1650 ...
760 1639 767 1644 .
791 1616 912 1656 impegit
929 1623 1086 1654 Severinus
1103 1617 1216 1654 Binius,
1229 1618 1274 1648 ſeu
1286 1619 1350 1660 quis
1363 1616 1433 1648 alius

578 1659 679 1687 doctus
694 1658 722 1687 &
738 1654 861 1696 diligens
878 1659 1034 1687 farcinator
1057 1666 1167 1694 magnæ
1187 1658 1268 1689 illius
1291 1656 1435 1691 Concilio-

578 1712 648 1732 rum
665 1703 804 1734 editionis
821 1702 999 1735 Colonienſis
1015 1715 1058 1735 an.
1067 1708 1143 1739 1606.
1158 1706 1212 1747 qui
1225 1706 1275 1739 ſub
1291 1707 1377 1738 Lucio
1395 1714 1436 1735 ce-

577 1746 722 1778 lebratum
734 1747 818 1778 fuiſſe
835 1748 910 1779 illud
918 1747 1086 1781 Concilium
1093 1749 1257 1781 Senonenſe
1269 1750 1382 1786 ſcribit,
1392 1757 1436 1788 pa-

580 1793 649 1812 rum
662 1798 781 1828 memor
797 1788 879 1824 quod
896 1787 983 1824 paulo
997 1792 1064 1814 ante
1081 1787 1253 1817 attribuerat
1266 1786 1435 1817 Innocentio

595 1851 669 1875 ...
692 1831 736 1858 ſed
762 1831 789 1858 &
811 1830 882 1859 alius
902 1830 1034 1871 ſéquitur
1054 1830 1291 1862 anachroniſmus
1312 1828 1435 1869 ejuſdem

581 1864 660 1911 Binii
676 1874 756 1913 tomo
772 1874 823 1916 III.
844 1874 1051 1895 Conciliorum
1065 1877 1146 1906 parte
1155 1877 1184 1898 2.
1198 1878 1264 1902 cum
1264 1871 1346 1902 duo,
1374 1871 1437 1903 quæ

580 1921 667 1946 vocat
682 1918 791 1957 privata
791 1917 949 1958 Concilia,
973 1916 1165 1951 Sueſſionenſe
1185 1928 1291 1961 nempe
1305 1920 1333 1949 &
1349 1920 1436 1950 Seno-

580 1958 668 1982 nenſe
680 1964 779 1983 contra
794 1960 978 1986 Abælardum
993 1960 1100 1985 eodem
1116 1966 1194 1986 anno
1209 1960 1248 1987 ait
1263 1957 1347 1988 fuiſſe
1366 1955 1436 1987 cele-

580 2002 658 2029 brata
675 2009 742 2035 1140,
758 2010 826 2027 nam
841 2005 920 2029 inter
935 2006 1097 2041 utrumque
1114 2001 1224 2040 viginti
1242 2012 1334 2032 annos
1348 2001 1436 2033 inter-

582 2044 700 2084 ceſſiſſe,
715 2052 883 2087 temporum
897 2046 982 2079 ſeries
1003 2048 1016 2078 &
1024 2045 1191 2090 ſupputatio
1201 2048 1361 2081 convincit.
