1446 2154
467 355 565 413 366

645 360 971 400 TRADUCTION
971 360 1154 400 LIBRE

481 455 657 496 ſemblent
681 458 714 494 le
736 449 900 490 ſoulever
926 460 1085 493 comme
1103 449 1166 488 des
1191 443 1284 487 ailes.

491 515 587 554 Enfin
597 509 640 554 il
654 511 744 550 ſaiſit
769 507 810 552 ſa
820 509 924 548 lance
950 509 1112 548 énorme.
1165 505 1289 550 Auto-

481 572 614 607 medon
648 562 797 609 prépare
812 566 859 603 le
873 562 989 609 char;
1030 562 1093 603 les
1110 562 1293 603 courſiers

475 627 669 660 impatiens
681 619 854 670 s'agitent,
869 627 1040 664 ronflent,
1050 615 1101 660 &
1116 619 1287 660 mordent

475 680 510 719 le
534 680 624 719 frein
654 674 856 725 écumeux;
889 680 952 719 ſur
967 678 1050 719 leur
1063 668 1136 711 dos
1148 670 1291 709 flotent

481 731 532 784 les
548 741 663 780 rênes.
726 737 859 780 Achille
881 735 1008 774 monte
1034 725 1087 770 ſur
1103 729 1165 772 ſon
1185 721 1289 774 char;

485 803 526 842 on
550 791 642 837 l'eut
663 797 746 841 pris
759 803 856 837 pour
865 786 907 835 le
922 790 1014 837 Dieu
1032 780 1095 835 du
1108 786 1197 839 jour
1222 786 1289 835 qui

477 856 530 895 va
550 856 665 899 porter
685 868 736 897 en
744 856 828 897 tous
840 846 936 897 lieux
944 852 985 891 la
989 841 1158 888 lumiere.
1175 848 1287 886 Avant

485 915 530 950 de
554 909 752 956 s'éloigner
775 907 836 950 des
861 913 1056 958 vaiſſeaux,
1085 903 1122 948 il
1142 905 1295 948 s'adreſ-

485 964 522 1009 ſe
536 966 559 1005 à
573 966 622 1007 ſes
646 966 767 1005 divins
775 974 967 1013 courſiers,
969 958 1010 1001 &
1026 964 1101 999 leur
1116 958 1167 1005 dit
1177 958 1287 1001 d'une

487 1025 573 1058 voix
599 1019 767 1062 terrible:
816 1019 969 1072 „Soyés
993 1017 1138 1058 dociles
1158 1021 1181 1054 à
1207 1025 1293 1058 mes

483 1080 661 1127 „ordres,
679 1080 714 1117 &
726 1074 756 1117 ſi
773 1084 865 1125 vous
885 1070 1005 1119 n'avés
1020 1084 1079 1127 pu
1087 1072 1214 1109 ſauver
1230 1072 1297 1119 Pa-

487 1142 654 1178 „trocle,
669 1137 840 1178 ramenés
850 1137 903 1180 au
908 1135 1028 1180 moins
1038 1137 1144 1174 votre
1169 1133 1295 1172 maitre

483 1188 608 1250 „dans
614 1192 657 1241 le
673 1190 814 1243 camp.“
861 1192 930 1233 En
942 1184 1054 1237 diſant
1065 1199 1132 1237 ces
1146 1193 1246 1233 mots
1259 1182 1295 1227 il

487 1258 573 1311 part
577 1256 622 1297 &
636 1252 718 1293 vole
740 1260 783 1299 au
799 1252 959 1297 combat.

1066 1866 1297 1920 CHANT
