1899 2569
455 288 523 324 DE
564 294 604 323 M.
655 292 709 321 DE
743 284 1084 319 VOLTAIRE.

1188 274 1262 315 205

330 356 438 393 Faites
456 367 505 390 un
520 352 740 401 philoſophe,
761 359 791 384 et
803 368 912 393 DIEU
932 365 1018 388 vous
1039 350 1071 380 le
1084 350 1219 390 rendra.
1228 350 1267 394 Je

280 425 324 448 ne
340 414 416 459 puis
435 411 518 448 faire
534 423 602 445 une
617 410 794 444 meilleure
808 405 923 441 action
942 405 1025 439 dans
1046 405 1078 438 le
1093 402 1181 437 triſte
1202 404 1268 435 état

282 471 328 506 où
340 472 377 517 je
394 470 472 505 ſuis.

394 619 809 660 LETTRE
894 614 1157 655 CXIX.

285 741 318 775 A
356 738 636 777 MADAME
673 737 753 771 DE
793 728 1272 775 SAINT-JULIEN.

634 865 660 889 A
671 864 778 894 Ferney,
795 866 812 889 4
822 860 850 883 de
858 858 927 892 juin.

288 948 355 1013 L

355 963 379 1014 A
395 962 594 1006 protectrice
610 958 721 993 réuſſit
736 959 756 990 à
774 970 848 989 tout
861 970 897 987 ce
915 961 1037 998 qu’elle
1053 957 1274 996 entreprend,

290 1038 321 1063 et
336 1026 384 1062 ſes
406 1024 601 1072 entrepriſes
622 1023 698 1058 ſont
718 1020 873 1066 toujours
892 1020 933 1055 de
955 1018 1036 1054 faire
1061 1017 1107 1051 du
1129 1015 1220 1050 bien.
1236 1016 1279 1059 Je

290 1093 347 1116 me
359 1080 444 1127 jette
465 1077 486 1113 à
504 1079 551 1114 ſes
574 1076 694 1123 pieds,
713 1084 745 1108 et
760 1074 797 1120 je
813 1075 861 1109 les
877 1072 965 1108 baiſe
982 1083 1061 1106 avec
1086 1081 1157 1105 mes
1172 1071 1279 1104 lèvres

292 1140 333 1174 de
363 1136 615 1185 quatre-vingts
643 1144 725 1173 ans,
756 1143 798 1165 en
823 1132 857 1166 la
887 1130 1002 1176 priant
1026 1128 1212 1163 ſeulement
1237 1126 1280 1159 de

290 1192 473 1228 détourner
491 1191 539 1224 les
561 1199 666 1237 yeux.

339 1253 430 1287 Mon
444 1249 557 1296 doyen
569 1249 612 1283 de
623 1242 834 1288 l'académie,
849 1244 910 1289 qui
925 1243 970 1278 eſt
983 1242 1051 1276 fort
1065 1252 1150 1274 mon
1162 1238 1280 1280 cadet,

291 1317 312 1339 a
329 1317 372 1338 eu
387 1304 420 1338 la
440 1302 546 1338 bonté
563 1302 608 1337 de
620 1298 770 1335 m'écrire
786 1309 853 1331 une
876 1296 971 1330 lettre
988 1292 1280 1329 trés-conſolante.

284 1364 328 1410 Je
348 1363 398 1397 lui
420 1360 502 1398 écris
521 1358 742 1407 aujourd'hui
761 1358 815 1392 ſur
832 1369 895 1391 nos
916 1354 1072 1389 hiſtrions
1090 1352 1152 1398 qui
1176 1348 1282 1385 ſont
1264 1346 1285 1400 à

291 1421 340 1457 ſes
360 1418 494 1458 ordres,
514 1425 544 1449 et
561 1415 592 1461 je
615 1414 648 1448 le
664 1411 814 1459 ſupplie,
839 1421 974 1445 comme
991 1408 1028 1454 je
1045 1407 1101 1442 l'ai
1128 1406 1282 1452 toujours

292 1470 440 1520 ſupplié,
452 1479 484 1504 et
496 1481 631 1506 comme
644 1469 669 1502 il
685 1480 742 1503 me
753 1467 797 1502 l’a
810 1464 966 1510 toujours
979 1462 1127 1508 promis,
1145 1462 1186 1495 de
1200 1461 1283 1496 faire

289 1522 402 1573 jouer,
415 1526 470 1562 ſur
479 1526 513 1561 la
525 1526 575 1561 fin
584 1526 626 1559 de
640 1524 699 1558 ſon
711 1521 833 1562 année,
848 1522 895 1555 les
904 1521 984 1554 Lois
998 1520 1040 1553 de
1051 1520 1188 1557 Minos,
1202 1516 1286 1550 d’un

289 1583 396 1630 jeune
419 1591 558 1627 auteur,
583 1591 615 1615 et
638 1582 673 1616 la
691 1577 906 1626 Sophonisbe
930 1577 972 1612 de
993 1575 1133 1615 Mairet,
1158 1575 1219 1618 qui
1240 1573 1286 1608 eſt

295 1647 388 1673 mort
402 1638 428 1672 il
440 1650 465 1684 y
476 1649 497 1670 a
510 1635 656 1670 environ
671 1641 750 1667 cent
764 1640 871 1666 trente
887 1639 967 1676 ans;
985 1629 1017 1661 le
1032 1637 1107 1661 tout
1120 1627 1194 1659 ſans
1207 1626 1286 1670 pré-

290 1694 409 1741 judice
430 1694 489 1728 des
504 1701 617 1728 autres
637 1691 773 1726 faveurs
793 1687 879 1733 qu'il
894 1694 977 1732 peut
997 1697 1053 1718 me
1069 1684 1151 1718 faire,
1185 1693 1218 1717 et
1231 1682 1286 1716 ſur

295 1750 472 1798 leſquelles
500 1758 588 1783 vous
616 1757 697 1781 avez
724 1744 832 1781 inſiſté
865 1754 947 1776 avec
979 1748 1075 1773 votre
1104 1736 1286 1783 généroſité

297 1806 479 1843 ordinaire.

338 1860 483 1907 J'aurais
494 1860 573 1898 bien
583 1860 692 1894 voulu
702 1868 789 1892 vous
801 1866 949 1901 envoyer
961 1855 1017 1888 des
1025 1853 1103 1888 Lois
1115 1853 1156 1887 de
1168 1853 1287 1887 Minos

299 1928 390 1963 pour
402 1923 473 1951 vos
473 1917 579 1954 amis,
596 1923 628 1948 et
641 1914 771 1948 ſurtout
788 1921 877 1956 pour
894 1909 1063 1944 monſieur
1077 1915 1172 1941 votre
1181 1905 1288 1945 frère;

301 1977 388 2013 mais
394 1978 448 2012 M.
459 1972 578 2020 d'Ogni
588 1985 643 2006 me
655 1969 780 2005 mande
793 1968 877 2014 qu'il
886 1979 929 2002 ne
935 1974 1017 2011 peut
1025 1964 1103 2011 plus
1110 1964 1142 1996 ſe
1152 1964 1290 2009 charger

304 2029 347 2064 de
354 2037 498 2075 paquets
507 2029 549 2063 de
559 2026 672 2062 livres.
688 2026 718 2060 Il
731 2034 813 2059 veut
821 2024 902 2059 bien
912 2021 995 2056 faire
1005 2018 1110 2065 paſſer
1123 2026 1233 2053 toutes
1244 2019 1293 2052 les

305 2094 456 2124 montres
467 2087 510 2122 de
518 2097 576 2120 ma
586 2083 722 2119 colonie
735 2082 820 2117 dont
829 2082 855 2116 il
866 2079 911 2115 eſt
919 2080 951 2113 le
960 2084 1173 2125 protecteur;
1190 2073 1292 2115 mais,

1304 406 1400 440 1773.
