1533 2324
388 363 442 397 DE
467 355 835 397 ROBESPIERRE.

962 359 1039 401 159

195 447 310 487 qu’un
331 456 504 486 nouveau
531 443 729 485 Cromwel
752 443 929 494 pourroit
948 441 1039 481 abu-

193 490 253 540 ſer
278 498 325 538 de
351 505 447 537 cette
470 497 592 537 Force
616 492 833 535 redoutable
851 504 949 544 pour
968 497 1040 540 op-

193 554 337 603 primer
364 554 400 594 la
425 555 565 595 Patrie.
619 552 746 598 Quant
774 563 845 590 aux
873 547 1042 590 meſures

195 603 217 641 à
234 599 418 657 prendre,
440 612 539 653 pour
563 600 764 641 conſerver
787 614 832 641 au
862 601 1041 640 Gouver-

195 664 346 699 nement
377 657 667 698 révolutionaire
695 656 729 693 le
764 654 880 708 dégré
913 653 1042 695 d’acti-

197 710 274 750 vité
297 709 495 749 néceſſaire
514 707 604 748 dans
629 706 682 745 les
704 704 993 751 circonſtances,
1015 704 1042 744 il

196 758 256 802 fut
269 759 385 800 d’avis
398 770 472 811 que
489 758 565 798 l’on
581 758 658 795 s’en
676 758 787 795 remit
806 757 825 794 à
842 755 878 794 la
898 753 1041 812 ſageſſe

196 809 247 852 du
286 811 437 852 Comité
470 811 510 850 de
544 810 649 849 Salut
681 808 825 859 public,
866 812 1044 854 toujours

196 859 438 905 ſubordonné
461 865 481 901 à
499 861 534 902 la
555 858 814 901 Convention.
869 859 922 896 La
947 856 1045 897 dou-

196 910 256 952 ble
275 910 512 965 propoſition
530 911 588 951 fut
610 911 797 951 accueillie
814 923 904 950 avec
922 914 1044 949 trans-

197 958 306 1025 port.
360 965 428 1007 On
453 963 586 1006 chanta
609 973 678 1014 par
706 968 811 1002 toute
839 965 874 1002 la
901 962 1045 1002 France

198 1028 233 1055 la
265 1015 501 1063 modération
543 1017 589 1057 de
632 1015 902 1066 Robespierre.
955 1016 1045 1055 Per-

196 1065 314 1109 ſonne
334 1079 382 1106 ne
404 1064 563 1118 craignit
591 1065 638 1104 de
662 1065 748 1104 voir
768 1064 898 1115 jamais
924 1075 970 1103 en
992 1064 1045 1103 lui

199 1115 234 1155 le
257 1130 408 1158 nouveau
434 1117 604 1157 Cromwel
622 1116 712 1168 qu’il
743 1113 946 1167 dénonçoit
971 1109 1045 1153 d’a-

196 1182 334 1214 vance.
388 1174 452 1212 Un
472 1171 630 1224 Régime
647 1171 925 1216 révolutionaire,
952 1168 1044 1207 mais

199 1219 321 1274 dirigé
337 1231 409 1272 par
424 1233 475 1259 un
491 1222 624 1261 Comité
634 1220 674 1262 de
688 1221 792 1259 Salut
800 1221 916 1270 public
929 1218 1046 1257 ſonna

198 1265 286 1310 bien
307 1271 393 1322 plus
417 1267 693 1321 agréablement
711 1279 782 1305 aux
805 1268 953 1307 oreilles
977 1267 1046 1305 des

197 1319 399 1373 lgnorans,
426 1322 540 1373 qu’un
562 1321 721 1373 Régime
740 1318 970 1369 ſimplement
990 1319 1047 1358 dit

198 1377 477 1419 révolutionaire.
530 1379 638 1417 Tout
658 1377 693 1415 le
716 1373 854 1413 monde
878 1373 937 1412 fut
956 1385 1047 1411 con-

199 1432 297 1475 tent,
326 1437 365 1468 et
384 1427 638 1477 Robespierre
650 1425 734 1475 plus
749 1434 823 1474 que
840 1422 1045 1473 perſonne.

200 1475 274 1520 Les
294 1474 478 1529 Brigands
497 1475 669 1515 licenciés
693 1486 740 1512 ne
761 1473 967 1525 quitterent
991 1471 1046 1512 les

199 1526 359 1570 Armées
378 1525 689 1568 révolutionaires
711 1535 786 1576 que
812 1535 911 1575 pour
932 1519 1052 1563 deve-

200 1582 258 1622 nir
280 1584 365 1636 plus
382 1581 722 1634 particulierement
749 1582 802 1621 les
825 1579 972 1621 Soldats
996 1577 1047 1620 du

200 1627 353 1683 Tyran,
390 1629 455 1680 qui
484 1629 538 1667 les
570 1628 825 1678 enrégimenta
860 1626 950 1665 dans
983 1636 1050 1666 ces

201 1677 372 1721 Comités
393 1687 432 1719 et
455 1693 516 1720 ces
538 1677 760 1718 Tribunaux
784 1677 832 1714 de
849 1675 942 1726 ſang
953 1677 1050 1714 dont

200 1732 226 1771 il
246 1736 395 1778 couvrit
415 1737 450 1775 le
466 1735 522 1775 ſol
544 1733 591 1773 de
615 1732 809 1784 l'Empire.
863 1731 916 1768 Le
940 1742 1051 1769 nom-

199 1775 266 1820 bre
287 1796 334 1822 en
358 1783 453 1822 étoit
467 1779 726 1821 incalculable.
766 1781 921 1818 Barrere
936 1784 1048 1828 porte

202 1839 296 1877 celui
326 1836 393 1877 des
412 1837 583 1878 Comités
606 1837 626 1873 à
654 1835 837 1885 vingt - et
859 1841 910 1872 un
930 1833 1049 1873 mille.

202 1888 301 1938 Qu'il
326 1897 421 1928 nous
442 1888 565 1930 ſuffiſe
583 1885 631 1925 de
656 1884 757 1932 dire,
784 1885 873 1937 qu’il
895 1898 942 1923 en
959 1884 1050 1921 coû-

198 1935 275 1977 toit
313 1936 585 1977 annuellement
616 1939 751 1984 quatre
790 1937 1051 1972 cent - trente-

952 1986 1051 2028 deux
