1976 2882
667 456 750 495 foſſé
765 458 944 511 profond,
960 461 1072 502 bordé
1088 465 1132 503 de
1148 467 1308 508 chevaux
1321 471 1366 509 de
1380 473 1479 519 friſe,
1503 474 1535 514 &
1549 475 1691 528 prenait

667 527 783 556 toutes
810 520 860 558 ſes
890 522 1041 566 furetés,
1073 538 1208 566 comme
1235 532 1290 569 s’il
1319 534 1378 572 eût
1403 548 1446 572 eu
1476 548 1547 573 une
1571 538 1690 579 armée

664 572 866 622 ſupérieure
887 587 932 612 en
950 579 1098 617 nombre
1120 578 1141 615 à
1163 584 1369 624 combattre.

721 638 751 667 A
763 638 857 669 deux
867 638 994 670 heures
1008 638 1057 673 du
1066 639 1177 676 matin
1187 642 1313 680 Charles
1323 645 1436 682 arrive
1447 661 1518 685 aux
1528 651 1687 690 ennemis

661 691 740 729 ſans
762 692 846 728 faire
871 694 902 730 le
928 698 1090 736 moindre
1110 700 1215 740 bruit.
1244 705 1302 743 Ses
1327 706 1456 746 ſoldats
1478 711 1512 747 ſe
1538 711 1685 751 diſaient

657 748 709 783 les
728 758 798 782 uns
816 761 887 785 aux
903 761 1046 791 autres:
1067 754 1220 796 Arrachez
1239 759 1280 796 les
1299 762 1433 801 chevaux
1450 766 1489 803 de
1493 766 1588 817 friſe.
1612 772 1684 808 Ces

657 806 795 852 paroles
824 807 941 847 furent
968 814 1160 852 entendues
1183 816 1244 854 des
1267 819 1497 862 ſentinelles:
1524 826 1681 866 l'alarme

656 864 704 902 eſt
725 865 866 905 donnée
892 870 1032 909 auſſitôt
1060 875 1150 912 dans
1181 876 1213 912 le
1236 889 1358 924 camp,
1388 884 1436 919 les
1459 888 1614 923 ennemis
1647 889 1681 925 ſe

653 929 804 957 mettent
820 923 899 961 ſous
916 925 965 963 les
982 939 1109 966 armes.
1127 933 1174 967 Le
1188 932 1244 969 roi
1258 942 1364 984 ayant
1379 937 1438 974 ôté
1451 942 1502 976 les
1518 942 1678 981 chevaux

653 981 697 1016 de
718 980 815 1023 friſe,
840 983 891 1021 vit
918 986 1049 1024 devant
1075 988 1128 1026 lui
1147 1002 1197 1037 un
1218 994 1312 1041 large
1332 995 1436 1035 foſſé:
1461 999 1530 1042 Ah,
1551 1002 1675 1046 dit-il,

649 1034 729 1083 eſt-il
739 1037 885 1089 poſſible!
894 1044 931 1091 je
952 1057 987 1079 ne
1007 1047 1058 1091 m'y
1077 1047 1231 1086 attendais
1246 1055 1317 1099 pas.
1339 1053 1442 1092 Cette
1463 1055 1613 1105 ſurpriſe
1627 1073 1675 1098 ne

650 1093 682 1127 le
701 1092 923 1142 découragea
944 1107 1074 1145 point:
1102 1103 1130 1138 il
1154 1116 1201 1141 ne
1222 1104 1330 1144 ſavait
1353 1119 1416 1157 pas
1437 1111 1602 1151 combien
1629 1115 1675 1153 de

648 1158 793 1199 troupes
812 1152 942 1192 étaient
960 1156 1209 1212 débarquées:
1233 1162 1281 1202 ſes
1299 1167 1456 1207 ennemis
1472 1168 1673 1224 ignoraient

645 1212 692 1250 de
710 1215 785 1251 leur
805 1214 884 1254 côté
905 1214 926 1253 à
949 1218 1034 1268 quel
1048 1220 1135 1269 petit
1152 1226 1302 1265 nombre
1317 1229 1360 1266 ils
1379 1231 1520 1270 avaient
1525 1226 1546 1281 à
1573 1234 1667 1273 faire.

645 1271 864 1314 L'obſcurité
882 1279 923 1314 de
943 1280 976 1316 la
996 1281 1075 1317 nuit
1095 1282 1255 1323 ſemblait
1273 1286 1455 1328 favorable
1475 1291 1498 1328 à
1516 1294 1668 1335 Charles:

642 1328 670 1364 il
690 1332 804 1378 prend
822 1334 885 1370 ſon
906 1338 999 1382 parti
1019 1338 1076 1374 ſur
1095 1340 1126 1376 le
1150 1340 1299 1391 champ:
1322 1346 1349 1381 il
1368 1347 1402 1383 ſe
1418 1347 1507 1398 jette
1527 1350 1615 1389 dans
1634 1353 1667 1390 le

642 1388 727 1425 foſſé
748 1391 987 1436 accompagné
1012 1395 1072 1429 des
1091 1399 1174 1442 plus
1199 1400 1343 1443 hardis,
1377 1403 1409 1440 &
1435 1407 1525 1444 ſuivi
1552 1421 1595 1444 en
1616 1422 1668 1446 un

640 1439 772 1480 inſtant
789 1443 832 1479 de
849 1454 927 1482 tout
937 1447 969 1482 le
980 1448 1087 1493 reſte;
1101 1452 1152 1486 les
1167 1452 1329 1492 chevaux
1338 1459 1384 1493 de
1394 1460 1471 1495 friſe
1483 1461 1662 1505 arrachés,

638 1497 673 1534 la
695 1509 783 1537 terre
803 1501 970 1548 éboulée,
993 1504 1040 1544 les
1067 1517 1190 1548 troncs
1211 1510 1242 1550 &
1258 1513 1306 1551 les
1328 1514 1504 1557 branches
1524 1519 1665 1562 d'arbre

638 1558 749 1607 qu'on
767 1567 833 1607 put
849 1571 1010 1608 trouver,
1032 1565 1083 1606 les
1101 1567 1231 1607 ſoldats
1249 1570 1327 1609 tués
1341 1584 1406 1624 par
1420 1573 1471 1613 les
1486 1588 1600 1628 coups
1618 1578 1664 1617 de

636 1617 823 1668 mouſquet
845 1621 927 1660 tirés
948 1637 994 1661 au
1013 1625 1159 1674 haſard,
1180 1630 1348 1671 ſervirent
1367 1636 1411 1673 de
1427 1636 1587 1678 faſcines.
1610 1642 1661 1678 Le

634 1674 715 1716 roi,
738 1677 786 1711 les
808 1675 987 1727 généraux
1008 1682 1098 1731 qu'il
1118 1686 1212 1722 avait
1239 1700 1317 1726 avec
1338 1689 1410 1735 lui,
1432 1695 1482 1731 les
1507 1693 1658 1735 officiers

634 1733 666 1771 &
679 1737 728 1773 les
743 1737 871 1776 ſoldats
883 1741 930 1777 les
944 1740 1022 1790 plus
1035 1742 1249 1795 intrépides,
1262 1758 1426 1789 montent
1437 1754 1494 1791 ſur
1505 1755 1659 1805 l'épaule

631 1788 683 1825 les
704 1800 774 1826 uns
795 1792 857 1829 des
877 1803 993 1832 autres
1015 1807 1152 1837 comme
1178 1798 1199 1837 à
1220 1815 1271 1840 un
1291 1803 1413 1843 aſſaut.
1443 1808 1494 1845 Le
1514 1811 1659 1849 combat

634 1847 788 1894 s'engage
798 1851 887 1888 dans
898 1853 930 1889 le
939 1867 1040 1903 camp
1053 1860 1204 1898 ennemi.
1217 1862 1484 1913 L’impétuoſité
1496 1869 1657 1911 ſuédoiſe

630 1900 696 1938 mit
725 1902 871 1940 d'abord
899 1908 931 1942 le
960 1909 1126 1947 déſordre
1156 1916 1272 1960 parmi
1299 1918 1349 1954 les
1380 1917 1517 1958 Danois
1548 1918 1579 1957 &
1602 1924 1653 1963 les

630 1962 855 2020 Pruſſiens;
865 1971 950 2008 mais
978 1974 1011 2008 le
1037 1974 1184 2013 nombre
1210 1978 1294 2017 était
1319 1990 1401 2031 trop
1420 1980 1571 2034 inégal:
1600 1989 1652 2027 les

632 2020 781 2062 Suédois
803 2023 921 2063 furent
939 2028 1118 2080 repouſſés
1131 2031 1235 2083 après
1255 2046 1305 2072 un
1320 2039 1589 2092 quart-d’heure
1608 2043 1652 2082 de

628 2082 790 2126 combat,
823 2082 853 2122 &
874 2090 1082 2140 repaſſèrent
1099 2095 1131 2132 le
1156 2095 1253 2135 foſſé.
1287 2099 1335 2136 Le
1354 2100 1474 2151 prince
1496 2102 1653 2145 d’Anhalt

625 2138 676 2177 les
695 2142 894 2193 pourſuivit
915 2147 1007 2184 alors
1025 2151 1114 2189 dans
1135 2152 1168 2188 la
1183 2153 1322 2204 plaine;
1345 2157 1369 2192 il
1389 2173 1435 2196 ne
1455 2160 1565 2200 ſavait
1583 2172 1647 2210 pas

625 2206 697 2240 que
719 2198 809 2232 dans
836 2211 874 2234 ce
899 2212 1058 2239 moment
1078 2205 1194 2246 c'était
1216 2201 1341 2249 Charles
1360 2215 1436 2254 XII
1459 2214 1646 2257 Iui-même

628 2255 693 2294 qui
718 2254 832 2303 fuyait
850 2258 983 2292 devant
1006 2261 1071 2296 Iui.
1101 2262 1153 2298 Ce
1171 2265 1224 2300 roi
1242 2266 1472 2307 malheureux
1490 2268 1590 2308 rallia
1609 2270 1644 2307 ſa
