1520 2295
505 320 533 347 le
548 319 585 347 les
594 318 755 353 colomnes,
778 325 816 344 ou
826 317 874 355 qui
891 316 964 346 éleve
979 324 1016 347 un
1025 317 1088 346 côré
1097 317 1134 346 du
1149 314 1293 351 bâtiment,
1303 314 1368 348 n’eſt

507 364 597 403 qu'un
611 373 721 403 maçon.
764 366 835 394 Mais
854 363 930 396 celui
943 363 991 403 qui
1007 371 1023 392 à
1040 364 1118 401 penſé
1132 373 1194 393 tout
1211 362 1322 395 l'édifice
1338 366 1367 394 &

508 408 559 442 qui
559 409 600 442 en
618 413 633 430 a
650 412 738 432 toutes
753 404 792 431 les
809 404 988 441 proportions
1006 396 1072 433 dans
1089 402 1116 432 ſa
1132 404 1204 439 tête,
1225 405 1261 433 eſt
1279 404 1303 432 le
1321 402 1368 432 ſeu

507 449 675 482 Architecte.
716 449 792 481 Ainſi
806 456 875 478 ceux
885 449 932 490 qui
948 448 1118 482 travaillent,
1148 448 1194 487 qui
1210 448 1366 486 expédient,

510 495 558 533 qui
574 494 634 524 font
650 492 674 522 le
685 493 743 532 plus
762 492 918 536 d’affaires,
931 492 992 523 ſont
1009 499 1077 521 ceux
1094 491 1140 529 qui
1155 501 1325 529 gouvernent
1341 492 1366 521 le

508 537 611 563 moins.
650 535 689 565 Ils
698 542 732 562 ne
741 532 800 562 ſont
809 540 861 570 que
876 533 915 562 les
923 533 1043 564 ouvriers
1052 530 1224 561 ſubalternes.
1263 533 1299 562 Le
1309 530 1366 560 vrai

508 579 590 623 génie
607 581 654 617 qui
673 579 789 609 conduit
805 577 905 617 l’État,
923 579 960 609 eſt
982 579 1051 609 celui
1069 579 1114 617 qui
1130 586 1165 608 ne
1185 578 1280 608 faiſant
1297 579 1365 609 rien,

507 621 559 649 fait
574 627 636 648 tout
650 619 734 657 faire,
750 618 801 656 qui
824 617 921 656 penſe,
945 616 992 657 qui
1014 617 1145 650 invente,
1167 619 1214 654 qui
1224 618 1329 655 prévoit
1344 619 1365 648 l'

508 663 620 689 avenir,
650 661 699 693 qui
722 665 850 684 retourne
873 659 942 684 dans
956 661 980 685 le
996 656 1084 694 paſſé,
1084 656 1151 694 qui
1169 662 1295 691 arrange,
1317 652 1364 690 qui

505 704 726 740 proportionne,
746 702 794 741 qui
816 710 925 740 prepare
947 703 980 730 de
994 701 1069 738 loin,
1093 702 1141 741 qui
1158 700 1183 730 ſe
1206 703 1290 732 roidit
1305 700 1366 730 ſans

507 748 574 776 ceſſe
597 754 667 784 pour
689 746 758 774 luter
783 755 887 774 contre
896 746 921 774 la
943 744 1069 780 fortune,
1091 753 1195 773 comme
1211 754 1248 773 un
1265 751 1366 780 nageur

508 796 603 818 contre
620 790 644 817 le
666 797 774 820 torrent
790 789 822 818 de
846 787 927 822 l'eau,
948 787 996 825 qui
1010 788 1048 817 eſt
1071 789 1172 817 atentif
1182 788 1243 818 nuit
1259 790 1285 818 &
1301 789 1365 823 jour

507 839 580 869 pour
590 840 624 860 ne
638 831 722 862 laiſſer
733 833 791 861 rien
807 840 841 860 au
856 829 965 860 hazard.

549 882 760 919 Groyez-vous,
781 882 968 917 Telemaque,
991 879 1077 919 qu’un
1092 877 1178 917 grand
1192 871 1295 918 peintre
1309 871 1365 911 tra-

507 935 586 960 vaille
603 934 779 958 aſſiduement
795 931 888 965 depuis
903 931 930 956 le
954 929 1039 957 matin
1058 926 1180 966 juſqu'au
1200 920 1273 962 ſoir,
1293 919 1366 964 pour

509 978 636 1014 expédier
645 977 705 1011 plus
714 982 894 1012 promtement
903 973 941 1002 ſes
949 975 1101 1012 ouvrages?
1121 972 1203 1011 Non,
1215 980 1285 1002 cette
1297 973 1365 1010 gêne

506 1024 536 1048 &
546 1027 585 1055 ce
585 1020 682 1045 travail
698 1017 789 1046 ſesvile
806 1014 989 1046 éteindroient
1005 1021 1066 1044 tout
1076 1015 1099 1044 le
1117 1013 1161 1044 feu
1170 1016 1203 1045 de
1212 1013 1260 1045 ſon
1270 1012 1369 1053 imagi-

506 1065 616 1091 nation.
656 1063 678 1091 Il
695 1072 729 1090 ne
755 1061 932 1091 travailleroit
947 1059 1007 1101 plus
1026 1059 1058 1088 de
1067 1059 1156 1098 génie.
1192 1061 1220 1095 Il
1238 1060 1296 1090 faut
1311 1068 1365 1097 que

508 1112 575 1142 tout
590 1104 614 1129 ſe
624 1103 686 1129 faſſe
695 1100 924 1137 irréguliérement
932 1101 959 1129 &
968 1107 1015 1137 par
1023 1098 1118 1128 ſaillies
1132 1097 1239 1134 ſuivant
1252 1105 1307 1136 que
1317 1096 1367 1126 ſon

505 1150 579 1185 goût
594 1150 626 1180 le
626 1150 721 1180 mene,
744 1149 770 1177 &
790 1155 841 1184 que
857 1144 906 1178 ſon
917 1145 997 1186 eſprit
1012 1145 1137 1177 l'excite.
1175 1147 1367 1184 Croyez-vous

509 1191 576 1229 qu’il
594 1188 661 1229 paſſe
671 1188 719 1217 ſon
728 1195 798 1220 tems
798 1187 821 1220 à
837 1186 937 1226 broyer
949 1187 996 1217 des
1012 1187 1157 1222 couleurs,
1179 1189 1205 1224 &
1213 1187 1229 1215 à
1240 1185 1370 1226 préparer

506 1236 555 1261 des
570 1230 722 1268 pinceaux?
742 1233 830 1266 Non,
848 1228 909 1260 c’eſt
923 1228 1091 1267 l'ocupation
1108 1230 1140 1260 de
1156 1228 1193 1260 ſes
1204 1229 1300 1259 éleves.
1341 1230 1369 1261 Il

504 1278 534 1304 ſe
549 1275 651 1302 réſerve
666 1273 689 1301 le
707 1270 766 1300 ſoin
782 1271 813 1301 de
835 1270 936 1312 penſer.
977 1271 1001 1302 Il
1016 1280 1050 1300 ne
1066 1268 1148 1307 ſonge
1166 1267 1227 1308 qu'à
1239 1270 1304 1300 faire
1321 1263 1372 1300 des

507 1318 587 1348 traits
595 1316 704 1352 hardis,
724 1314 773 1355 qui
786 1315 914 1351 donnant
928 1314 965 1348 de
965 1314 997 1347 la
1012 1315 1150 1354 nobleſſe,
1163 1317 1197 1346 de
1212 1318 1240 1346 la
1264 1318 1308 1345 vie
1338 1319 1369 1346 &

508 1362 543 1387 de
550 1362 575 1388 la
587 1360 691 1397 paſſion
708 1359 724 1386 à
733 1358 772 1387 ſes
775 1359 890 1395 figures.
931 1357 960 1389 Il
960 1357 981 1389 a
989 1356 1057 1388 dans
1066 1352 1092 1385 la
1105 1355 1160 1387 tête
1174 1357 1211 1385 les
1221 1353 1330 1396 penſées
1341 1359 1369 1387 &

506 1405 548 1433 les
572 1405 718 1437 ſentimens
738 1402 794 1431 des
808 1402 895 1432 Héros
916 1400 983 1441 qu'il
1000 1409 1064 1431 veut
1092 1398 1265 1441 repréſenter.
1306 1400 1328 1431 Il
1344 1401 1371 1432 ſe

508 1447 662 1477 tranſporte
686 1446 754 1467 dans
771 1445 841 1468 leurs
858 1442 950 1469 ſiécles
965 1444 993 1469 &
1007 1442 1076 1467 dans
1096 1444 1189 1468 toutes
1209 1438 1247 1467 les
1262 1434 1371 1467 circon-

508 1493 614 1516 ſtances
630 1489 669 1514 où
682 1488 715 1514 ils
715 1494 773 1514 ont
788 1484 841 1514 été.
882 1488 905 1514 A
928 1492 997 1515 cette
1011 1484 1101 1524 eſpece
1110 1477 1335 1515 d’enthouſiaſme
1345 1477 1375 1525 il

508 1533 570 1566 faut
584 1532 652 1574 qu’il
670 1533 765 1571 joigne
779 1543 833 1564 une
854 1532 950 1572 ſageſſe
968 1534 1014 1573 qui
1029 1534 1054 1562 le
1069 1532 1210 1570 retienne,
1230 1541 1282 1572 que
1308 1540 1372 1562 tout

507 1578 564 1607 ſoit
572 1576 641 1610 vrai,
655 1574 783 1616 correct,&
807 1572 995 1616 proportionné
1011 1571 1063 1608 l’un
1081 1575 1097 1603 à
1108 1573 1218 1604 l’autre.
1247 1575 1374 1610 Croyez-

510 1621 581 1647 vous
593 1617 776 1654 Telemaque,
794 1616 862 1656 qu’il
869 1617 942 1647 faille
959 1614 1050 1647 moins
1060 1614 1224 1647 d’élevation
1234 1614 1267 1644 de
1276 1614 1373 1653 génie,

510 1664 539 1693 &
563 1661 666 1690 d’éfort
681 1659 715 1687 de
730 1659 823 1696 penſée
833 1669 904 1695 pour
917 1657 984 1689 faire
984 1661 1029 1688 un
1046 1656 1132 1696 grand
1140 1657 1212 1691 Roi,
1233 1665 1287 1695 que
1303 1665 1375 1695 pour

509 1706 576 1733 faire
593 1712 629 1730 un
645 1700 703 1730 bon
718 1703 840 1731 Peintre?
881 1700 1022 1731 Concluez
1036 1700 1112 1729 donc
1130 1709 1182 1739 que
1200 1697 1376 1737 l’ocupation

510 1747 579 1778 d’un
589 1744 644 1778 Roi
654 1744 716 1772 doit
726 1744 781 1773 être
790 1744 823 1774 de
833 1742 934 1782 penſer,
956 1743 989 1775 de
997 1741 1099 1773 former
1108 1741 1140 1772 de
1149 1740 1249 1780 grands
1258 1743 1375 1780 projets,

510 1795 539 1820 &
556 1790 589 1815 de
610 1784 709 1816 choiſir
727 1785 766 1816 les
787 1785 913 1815 hommes
937 1787 1049 1828 propres
1063 1784 1080 1813 à
1102 1784 1141 1814 les
1161 1783 1287 1816 exécuter
1309 1783 1376 1815 ſous

510 1843 562 1883 lui.

552 1894 716 1936 Telemaque
725 1890 777 1938 lui
786 1890 938 1939 répondit:
980 1892 1008 1936 Il
1019 1899 1064 1938 me
1078 1888 1178 1938 ſemble
1193 1899 1247 1934 que
1261 1892 1287 1930 je
1297 1898 1375 1922 com-
