1587 2405
231 371 363 422 AUX
363 371 795 422 CORINTHIENS.
795 371 926 422 Chap.
926 371 977 422 X.

999 380 1075 423 595

150 442 228 483 que
245 445 291 474 ce
314 443 394 485 que
411 432 465 471 les
487 433 633 473 Gentils
653 435 795 472 offrent
813 447 859 472 en
879 431 1067 476 ſacrifice,

150 491 197 530 ils
223 491 393 533 l’offrent
420 500 494 527 aux
522 488 718 531 Démons,
780 487 818 525 &
840 499 921 525 non
954 498 1018 537 pas
1048 486 1067 525 à

149 546 278 588 Dieu:
328 548 368 584 &
396 550 431 595 je
458 555 509 582 ne
540 553 641 581 veux
666 552 731 589 pas
760 552 839 591 que
863 555 960 581 vous
988 541 1067 581 aiez

139 585 414 627 communion
432 596 524 624 avec
552 584 607 623 les
638 584 829 623 Démons.
959 590 1067 623 Vous

145 648 198 678 ne
216 650 370 690 pouvez
390 639 503 677 boire
520 637 555 677 la
573 639 713 689 Coupe
731 635 784 675 du
804 637 1010 685 Seigneur,
1030 645 1067 676 &

149 689 185 730 la
202 690 358 743 Coupe
358 688 437 737 des
456 689 655 731 Démons;
707 699 805 726 vous
836 698 884 722 ne
912 698 1067 735 pouvez

139 733 361 794 participer
361 733 410 785 à
444 740 506 782 la
506 740 639 782 Table
672 740 726 782 du
766 739 975 791 Seigneur,
1027 744 1067 782 &

147 797 168 832 à
185 795 293 839 celle
312 791 391 833 des
391 784 591 833 Démons.

214 842 472 891 Avons-nous
494 843 637 887 deſſein
656 843 705 883 de
720 842 875 884 donner
894 841 942 882 de
959 842 993 881 la
1013 841 1067 892 ja-

132 896 273 939 louſie
291 895 339 936 au
358 889 574 949 Seigneur?
612 889 942 934 Sommes-nous
973 893 1063 945 plus

133 951 240 994 forts
257 962 335 1003 que
353 950 433 996 lui?
526 945 638 995 Tout
653 945 757 991 m’eſt
771 948 940 1003 permis;
966 947 1063 988 mais

131 998 234 1045 tout
258 1003 347 1046 n’eſt
367 999 436 1058 pas
462 1002 576 1044 utile:
594 993 738 1044 Tout
764 999 870 1043 m’eſt
896 1001 1066 1052 permis;

131 1060 239 1099 mais
256 1059 350 1103 tout
350 1059 526 1105 n’édifie
544 1069 624 1113 pas.
762 1055 855 1104 Que
871 1054 1063 1109 perſonne

133 1112 194 1147 ne
205 1106 389 1152 cherche
399 1106 468 1148 ſon
486 1117 652 1155 avantage
667 1102 913 1155 particulier;
967 1108 1065 1145 mais

131 1148 220 1208 que
244 1149 392 1209 chacun
418 1152 606 1211 cherche
622 1154 717 1194 auſſi
744 1165 790 1192 ce
824 1154 896 1201 qui
913 1160 1064 1189 convient

128 1204 217 1256 aux
241 1203 384 1250 autres.

207 1253 374 1310 Mangez
392 1252 438 1312 de
461 1265 553 1299 tout
569 1267 614 1295 ce
626 1248 694 1306 qui
706 1255 739 1294 ſe
751 1256 851 1296 vend
871 1252 893 1295 à
910 1253 954 1295 la
954 1253 1059 1295 bou-

132 1285 298 1341 cherie,
314 1306 397 1334 ſans
415 1312 516 1331 vous
535 1312 583 1329 en
594 1304 792 1329 informer
818 1312 886 1341 par
912 1304 956 1326 un
966 1304 1061 1339 ſcru-

135 1356 220 1411 pule
220 1356 279 1409 de
279 1352 535 1410 conſcience.
651 1358 725 1405 Car
725 1358 794 1404 la
794 1363 920 1404 terre,
966 1370 1067 1401 avec

139 1424 227 1455 tout
243 1428 290 1456 ce
311 1416 455 1467 qu’elle
472 1415 672 1461 contient,
701 1414 754 1454 eſt
780 1426 830 1455 au
856 1412 1059 1465 Seigneur.

138 1467 232 1517 Que
250 1464 279 1504 ſi
295 1477 348 1505 un
365 1463 524 1505 infidele
541 1476 640 1504 vous
656 1463 777 1502 invite
795 1463 816 1501 à
832 1475 967 1512 manger
985 1470 1062 1498 chez

133 1511 212 1563 lui,
244 1516 284 1557 &
310 1525 389 1569 que
411 1525 512 1556 vous
527 1513 686 1557 vouliez
705 1527 727 1566 y
744 1513 860 1560 aller,
900 1527 1063 1564 mangez

140 1567 192 1609 de
218 1576 308 1610 tout
331 1579 379 1608 ce
404 1566 475 1620 qui
498 1559 600 1608 vous
628 1567 706 1606 ſera
730 1567 925 1617 préſenté,
975 1574 1061 1607 ſàns

139 1631 238 1662 vous
255 1634 306 1664 en
324 1620 516 1662 informer
533 1631 602 1674 par
613 1622 763 1669 ſcrupule
772 1622 810 1659 de
818 1622 1064 1660 conſcience.

138 1671 241 1712 Mais
259 1670 293 1713 ſi
304 1666 521 1725 quelqu’un
537 1680 637 1709 vous
652 1666 728 1712 dit;
760 1669 855 1710 Ceci
871 1680 892 1710 a
911 1674 970 1708 été
989 1677 1067 1719 im-

136 1721 241 1762 molé
263 1735 339 1763 aux
366 1721 519 1767 Idoles;
560 1724 649 1761 n’en
676 1729 838 1772 mangez
872 1727 1008 1771 point,
1041 1732 1062 1758 à

138 1774 250 1814 cauſe
266 1772 317 1811 de
342 1771 447 1811 celui
474 1772 547 1823 qui
568 1780 672 1810 vous
695 1780 747 1807 en
763 1783 784 1808 a
801 1779 944 1815 averti,
984 1781 1024 1809 &
1040 1781 1063 1807 à

139 1818 253 1860 cauſe
269 1819 320 1860 de
335 1819 383 1863 la
383 1824 638 1862 conſcience:
677 1825 733 1867 (*)
760 1827 834 1863 Car
858 1828 896 1861 la
916 1830 1064 1862 Terre,

139 1887 234 1918 avec
249 1883 339 1925 tout
355 1888 403 1915 ce
419 1872 565 1930 qu’elle
584 1876 802 1926 renferme,
845 1880 897 1917 eſt
913 1888 960 1917 au
978 1879 1062 1914 Sei-

1067 598 1123 622 21

1067 849 1123 891 22

1075 964 1121 998 23

1077 1065 1125 1108 24

1072 1271 1121 1307 25

1067 1366 1121 1400 26

1073 1481 1122 1515 27

1067 1680 1119 1718 28

587 1945 645 1985 Pp
674 1959 696 1984 2

925 1952 1060 1985 gneur.

164 1985 233 2017 *)
267 1963 425 2035 Pluſieurs
446 1985 686 2040 Exemplaires
712 2009 907 2043 Manuſcrits
920 2007 976 2042 &
992 2002 1066 2056 plu-

222 2041 321 2094 ſieurs
341 2044 516 2084 anciennes
530 2047 685 2084 Verſions
707 2051 871 2080 omettent
891 2053 943 2076 ces
962 2054 1063 2086 paro-

222 2095 287 2135 les,
315 2093 378 2130 Car
394 2092 425 2130 la
443 2086 540 2130 Terre
566 2092 631 2129 &c.
653 2095 711 2136 qui
734 2097 878 2137 peuvent
895 2097 993 2127 avoir
1013 2100 1066 2135 été

222 2141 366 2192 répétées
384 2143 427 2179 du
442 2141 547 2181 verſet
568 2145 620 2179 26.
