1305 2083
154 246 265 276 Chap.5.

398 248 500 279 AUX
500 248 742 279 GALATES.

964 242 1017 282 387

159 310 176 334 6.
203 309 250 335 Car
275 318 306 335 en
322 308 494 344 Jeſus-Chriſt
516 317 545 334 ce

127 344 172 377 qui
192 344 254 376 ſert,
289 353 316 371 ce
336 346 397 372 n'eſt
419 354 446 371 ni
467 345 544 374 d'être

127 376 272 409 circoncis,
307 379 334 404 ni
364 379 408 405 de
421 386 451 405 ne
475 378 544 404 l'être

126 419 179 446 pas,
201 415 261 442 mais
276 417 333 444 c'eſt
346 419 368 444 la
384 416 421 443 foi
443 415 487 449 qui
509 415 543 444 eſt

129 447 248 483 agiſſante
262 459 306 484 par
323 452 345 477 la
362 450 465 477 charité.

214 491 271 519 Gal.
282 488 347 522 6,15.
357 491 449 519 Matth.
461 497 543 520 12,50.

314 526 376 558 Jaq,
386 532 407 554 2,
418 526 499 556 14-26.

161 558 185 584 7.
211 555 284 580 Vous
306 555 408 579 couriez
432 554 449 579 ſi
469 553 543 580 bien:

124 577 176 620 Qui
188 588 248 609 vous
260 592 270 609 a
280 592 381 616 arrêtés,
397 590 463 615 pour
477 590 543 607 vous

126 624 260 657 empêcher
279 625 378 652 d'obéïr
399 629 412 652 à
437 626 460 651 la
475 625 542 650 véri-

126 660 171 687 té?
257 660 294 684 ch.
302 666 323 690 3,
333 666 351 683 1.
367 660 382 690 1
382 660 443 690 Cor.
443 660 477 690 9,
477 660 522 690 24.

160 692 184 717 8.
207 691 242 713 Le
255 688 388 713 ſentiment
403 688 467 714 dont
475 695 541 713 vous

123 735 191 752 vous
221 726 272 754 êtes
304 727 372 754 laiſſé
395 727 540 761 perſuader,

120 768 158 787 ne
187 760 255 788 vient
279 768 323 795 pas
346 761 376 788 de
400 760 467 788 celui
495 757 541 795 qui

123 804 189 824 vous
203 797 311 829 appelle.

157 834 183 859 9.
199 830 243 854 Un
257 836 307 862 peu
324 829 356 855 de
371 827 453 856 levain
467 825 544 863 aigrit

123 868 196 891 toute
210 867 234 893 la
249 865 316 899 pâte.
405 867 419 892 1
419 867 477 892 Cor.
487 867 514 897 5,
514 864 542 897 6.

159 909 196 929 10.
215 904 261 938 J'ai
283 910 347 930 cette
366 903 497 930 confiance
511 912 543 928 en

125 937 205 962 vous,
241 941 286 965 par
309 941 383 959 notre
408 934 542 965 Seigneur,

127 972 177 999 que
191 975 257 993 vous
274 969 375 993 n’aurez
390 968 463 1001 point
471 969 542 995 d'au-

125 1007 176 1027 tres
193 1000 325 1027 ſentimens
348 1009 392 1033 que
417 1008 474 1025 ceux
497 1009 542 1033 que

122 1036 148 1067 je
162 1047 222 1064 vous
233 1039 297 1065 avois
307 1033 420 1076 inſpirés;
439 1037 465 1064 &
474 1046 542 1072 pour

126 1083 155 1101 ce
174 1078 219 1110 qui
239 1077 274 1105 eſt
296 1077 327 1104 de
350 1077 416 1104 celui
429 1075 474 1111 qui
490 1084 542 1104 met

125 1104 149 1130 le
163 1106 265 1133 trouble
279 1106 360 1140 parmi
381 1112 462 1134 vous,
481 1106 542 1138 quel

129 1145 191 1176 qu'il
209 1146 272 1177 ſoit,
306 1145 324 1172 il
342 1153 373 1171 en
397 1151 498 1178 portera
517 1146 541 1173 la

128 1178 211 1209 peine.
349 1178 383 1204 ch.
399 1187 416 1208 1,
431 1184 455 1210 7.

159 1219 190 1239 11.
207 1213 276 1239 Pour
291 1210 359 1240 moi,
382 1220 433 1239 mes
454 1213 542 1242 frères,

128 1249 168 1276 s'il
193 1250 228 1278 eſt
252 1249 304 1276 vrai
330 1257 379 1283 que
402 1251 424 1284 je
448 1249 542 1284 prêche

127 1285 187 1311 auſſi
205 1286 228 1312 la
248 1282 438 1313 Circonciſion,
464 1290 544 1316 pour-

97 1317 192 1348 quoi
208 1319 307 1352 ſuis - je
322 1325 413 1344 encore
428 1318 544 1352 perſécu-

130 1357 174 1382 té?
201 1358 233 1382 Le
253 1355 365 1382 ſcandale
387 1356 418 1381 de
433 1355 455 1380 la
471 1355 543 1381 croix

130 1386 166 1413 eſt
180 1387 248 1414 donc
261 1387 334 1413 ceſſé.
398 1387 411 1414 1
411 1387 474 1414 Cor.
474 1389 497 1414 1,
506 1391 544 1415 23.

165 1431 201 1449 12.
219 1424 277 1450 Plût
294 1427 308 1450 à
322 1423 398 1452 Dieu,
414 1430 465 1454 que
480 1431 544 1448 ceux

131 1456 176 1488 qui
192 1463 297 1483 mettent
310 1457 334 1483 le
349 1456 452 1488 trouble
461 1456 543 1489 parmi

131 1497 197 1519 vous
212 1491 307 1520 fuſſent
319 1488 481 1523 retranchés!

219 1535 255 1562 Pſ.
266 1541 297 1562 12,
307 1542 330 1565 4.
345 1532 403 1562 Joſ.
403 1532 432 1562 7,
442 1538 480 1562 25.

169 1568 201 1593 13.
219 1565 275 1590 Mes
290 1564 384 1594 frères,
402 1571 468 1589 vous
488 1568 548 1588 avez

135 1592 175 1621 été
188 1595 300 1627 appellés
315 1598 328 1621 à
345 1596 362 1622 la
376 1593 482 1631 liberté:
496 1594 551 1622 Seu-

137 1625 246 1658 lement,
273 1634 368 1660 prenez
393 1629 452 1652 bien
475 1630 553 1660 garde

139 1669 189 1695 que
205 1673 268 1692 cette
280 1665 369 1692 liberté
387 1674 418 1692 ne
432 1664 479 1691 ſoir
501 1673 566 1690 une

139 1699 253 1727 occaſion
284 1702 315 1727 de
340 1700 413 1726 vivre
436 1700 504 1727 ſelon
531 1700 555 1725 la

142 1730 226 1761 chair;
243 1733 305 1758 mais
318 1733 491 1759 rendez-vous
507 1732 556 1757 ſer-

141 1765 196 1792 vice
217 1768 253 1794 les
275 1769 325 1794 uns
343 1774 393 1792 aux
415 1773 498 1792 autres
514 1773 559 1799 par

144 1800 167 1826 Ia
181 1799 283 1830 charité.
422 1804 456 1826 ch.
465 1804 491 1830 6,
491 1805 519 1830 2.

233 1845 248 1872 1
248 1845 327 1872 Pierr.
338 1842 362 1875 2,
362 1842 405 1875 16.
424 1845 437 1873 1
437 1845 495 1873 Cor.
504 1846 527 1873 8,
536 1850 562 1876 9.

598 468 654 505 15.
672 475 737 498 Mais
755 478 771 500 ſi
786 479 851 497 vous
860 480 924 497 vous
934 487 1003 503 mor-

586 517 642 546 dez,
658 516 684 542 &
698 516 715 541 ſi
731 524 796 541 vous
811 522 877 541 vous
894 522 1002 548 mangez

585 552 621 577 les
640 558 689 575 uns
709 549 744 575 les
766 556 874 578 autres,
906 557 1001 582 prenez

586 585 662 619 garde
678 593 727 618 que
743 593 807 610 vous
822 594 854 611 ne
869 586 942 619 ſoyez
959 595 1004 611 en-

585 619 718 644 tièrement
751 618 860 646 détruits
887 619 923 644 les
951 626 1002 644 uns

584 663 630 684 par
638 656 673 681 les
683 663 774 681 autres.
817 652 835 684 2
852 656 905 684 Cor.
915 663 949 683 12,
958 662 1000 681 20.

622 314 648 338 14.
683 309 734 333 Car
756 316 827 334 toute
856 310 877 335 la
899 309 946 334 Loi
976 309 1011 335 eſt

588 344 729 369 renfermée
750 343 812 368 dans
833 353 860 369 ce
881 344 932 369 ſeul
949 343 1006 376 pré-

587 383 674 409 cepte;
707 379 778 403 Vous
802 377 909 402 aimerez
934 384 1007 403 votre

587 410 710 445 prochain
727 419 825 437 comme
834 411 1004 437 vous-même.

674 449 756 474 Matth.
773 450 799 478 7,
806 455 830 473 12.
858 450 927 473 Rom.
937 450 968 478 13,
980 446 1008 478 9.

620 691 654 715 16.
669 690 693 719 Je
700 697 760 715 vous
769 689 789 714 le
797 688 835 714 dis
845 689 919 718 donc,
934 698 1000 715 mar-

584 725 645 753 chez
660 720 728 752 ſelon
746 725 862 759 l'Eſprit,
888 727 913 753 &
935 733 1000 751 vous

584 758 780 793 n’accomplirez
805 766 877 792 point
895 760 930 785 les
955 761 1000 786 dé-

583 796 625 825 ſirs
641 797 672 823 de
687 797 709 824 la
724 796 800 823 chair.
850 798 920 825 Rom.
930 796 954 825 6,
965 803 1000 827 14.

618 841 650 866 17.
667 834 713 859 Car
732 833 754 858 Ia
769 830 834 857 chair
850 840 862 858 a
888 832 931 858 des
954 833 1000 859 dé-

584 863 626 890 ſirs
641 863 778 890 contraires
792 866 805 889 à
820 871 883 890 ceux
899 866 929 891 de
940 865 999 893 l'Eſ-

583 911 643 937 prit,
658 904 684 931 &
718 903 800 938 Eſprit
816 912 846 931 en
862 913 876 930 a
892 904 922 930 de
938 912 999 929 con-

584 938 672 963 traires
690 940 701 963 à
723 946 787 963 ceux
813 937 844 963 de
863 939 886 964 la
911 937 997 971 chair;

584 973 604 998 &
617 981 659 997 ces
666 973 730 997 deux
745 972 831 998 choſes
846 971 902 998 ſont
913 979 998 1004 oppo-

584 1008 635 1035 ſees
650 1009 720 1034 l'une
736 1011 748 1033 à
765 1008 868 1037 l'autre,
882 1009 914 1034 de
928 1009 997 1034 ſorte

584 1048 633 1073 que
648 1048 712 1067 vous
728 1049 759 1067 ne
773 1039 845 1065 faites
867 1040 941 1074 point
960 1040 997 1066 les

583 1075 669 1103 choſes
683 1083 732 1108 que
748 1083 812 1101 vous
830 1075 964 1103 voudriez.

741 1113 802 1137 Rom.
813 1117 835 1139 7,
846 1123 879 1144 15.
889 1115 912 1147 ſ.

616 1146 651 1172 18.
672 1144 730 1180 Que
747 1144 762 1168 ſi
778 1151 843 1169 vous
863 1144 915 1170 êtes
936 1151 998 1169 con-

585 1182 653 1208 duits
668 1190 712 1215 par
727 1181 842 1216 l'Eſprit,
866 1190 930 1209 vous
944 1182 998 1209 n’ê-

585 1224 621 1243 tes
635 1217 710 1250 point
725 1216 782 1242 ſous
796 1217 818 1242 la
834 1216 888 1245 Loi.

619 1259 655 1285 19.
675 1255 713 1280 Or
729 1254 746 1280 il
762 1254 796 1282 eſt
815 1252 863 1280 aiſé
886 1253 917 1279 de
940 1260 1001 1279 con-

585 1286 669 1313 noître
686 1286 782 1319 quelles
805 1285 860 1314 ſont
886 1286 921 1311 les
946 1294 1000 1312 œu-

585 1321 641 1338 vres
662 1315 693 1337 de
710 1315 733 1338 la
756 1315 854 1347 chair:
867 1315 933 1339 C'eſt
958 1314 1001 1339 l'a-

585 1358 699 1386 dultère,
719 1358 742 1383 la
758 1356 920 1388 fornication,
936 1357 1000 1382 l'im-

586 1393 684 1424 pureté,
701 1392 724 1418 la
741 1392 897 1422 diſſolution,

723 1427 777 1459 Sap.
787 1433 812 1452 14
830 1433 867 1452 24.
873 1428 898 1452 ſſ.

621 1462 665 1482 20.
691 1454 850 1486 L'idolatrie,
887 1452 1003 1489 l'empoi-

586 1486 742 1517 ſonnement,
766 1488 802 1512 les
818 1489 946 1516 inimitiés,
970 1488 1005 1512 les

589 1529 729 1563 quérelles,
753 1529 788 1556 les
812 1530 942 1565 jalouſies,
967 1530 1004 1555 les

590 1561 758 1603 animoſités,
770 1566 807 1592 les
823 1567 949 1601 diſputes,
967 1566 1004 1590 les

592 1596 721 1634 diviſions,
798 1602 811 1627 1
811 1602 872 1625 Cor.
879 1607 902 1631 3,
902 1607 930 1631 3.
943 1599 973 1630 6,
973 1599 1004 1630 9.

803 1642 844 1663 Col
870 1647 890 1663 3,
907 1640 927 1660 5.

628 1669 661 1688 21.
678 1663 725 1689 Les
748 1661 837 1691 ſectes,
859 1663 895 1687 les
915 1663 1010 1690 envies,

596 1702 633 1728 les
661 1707 801 1730 meurtres,
832 1699 1013 1736 l'yvrognerie,

598 1738 633 1765 les
669 1737 834 1766 débauches,
870 1738 896 1765 &
927 1737 1013 1765 choſes

598 1771 757 1801 ſemblables,
779 1771 842 1797 dont
862 1772 884 1805 je
905 1780 970 1797 vous
992 1770 1014 1797 ai

601 1810 656 1842 déja
670 1810 715 1840 dit,
736 1808 763 1834 &
778 1811 800 1843 je
815 1819 879 1837 vous
894 1810 917 1836 le
934 1802 1019 1843 répète

605 1851 712 1874 encore,
746 1850 796 1876 que
812 1852 871 1871 tous
889 1851 953 1871 ceux
974 1843 1019 1867 qui

660 1877 712 1908 R2

949 1880 1026 1901 com-
