1500 2146
372 481 822 537 L'HABIT

249 568 483 630 SANS
550 575 961 633 GALONS,

425 659 769 704 PROVERBE.

344 803 524 840 SCENE
564 799 856 849 PREMIERE.

232 877 275 907 M.
296 884 369 914 DES
390 881 561 920 VERTUS,
589 878 668 912 SON
688 880 775 917 FILS,
794 874 980 920 JACQUES.

229 943 275 973 M.
294 951 345 974 DES
356 942 475 974 VERTUS
489 949 541 971 met
554 938 599 970 des
611 937 722 980 Papiers
730 948 785 981 ſur
795 947 822 969 la
837 945 986 993 Cheminée.

231 1001 326 1102 A

326 1011 363 1101 H!
384 1041 412 1065 te
429 1036 519 1077 voilà,
548 1037 620 1059 mon
636 1036 740 1069 pauvre
769 1033 901 1077 Jacques;
927 1029 986 1070 eſt-

349 1086 379 1107 ce
395 1087 451 1119 que
468 1088 500 1111 tu
514 1078 575 1109 n'es
590 1075 653 1119 plus
671 1074 809 1120 malade?

523 1127 695 1170 JACQUES.

275 1174 320 1209 Si,
352 1178 420 1204 mon
437 1167 509 1203 cher
528 1172 691 1217 Monſieur,
721 1178 748 1220 la
770 1175 858 1215 fiévre
876 1186 916 1220 ne
927 1186 987 1219 me

235 1217 325 1260 quitte
339 1228 397 1263 pas,
418 1221 492 1252 mais
509 1221 536 1260 je
553 1221 610 1251 ſors
625 1221 660 1249 de
676 1233 750 1250 mon
770 1227 888 1257 grabat,
910 1233 985 1256 pour

221 1250 316 1304 venir
335 1268 407 1308 vous
420 1272 571 1312 remercier
596 1270 633 1313 de
645 1289 698 1310 vos
720 1278 833 1315 bonnes
845 1281 986 1323 charités;

237 1314 300 1346 ſans
318 1324 400 1351 vous,
421 1324 503 1347 notre
513 1321 677 1352 Boulanger
694 1326 816 1364 m’alloit
829 1324 933 1367 refuſer
945 1320 986 1360 du

237 1361 305 1401 pain
322 1364 349 1392 &
371 1365 386 1391 à
400 1370 448 1390 ma
469 1371 576 1400 pauvre
598 1382 735 1410 Famille;
769 1374 795 1391 la
817 1373 907 1390 bonté
930 1374 986 1394 que

238 1422 311 1445 vous
330 1423 399 1445 avez
420 1422 458 1442 eu
475 1412 512 1442 de
530 1414 573 1443 lui
593 1426 683 1453 payer
699 1425 764 1442 tout
785 1424 817 1440 ce
837 1422 893 1448 que
910 1421 986 1440 nous

238 1468 274 1488 en
293 1456 498 1489 devions...

457 1507 501 1539 M.
522 1515 584 1537 DES
602 1509 763 1538 VERTUS.

281 1556 326 1588 Ce
339 1554 410 1586 n’eſt
422 1553 499 1590 rien,
519 1557 592 1582 mon
611 1550 676 1582 cher
693 1556 816 1592 Jacques
829 1581 940 1595 .....
959 1558 987 1582 &

241 1610 268 1634 ta
287 1601 414 1638 femme?

525 1663 699 1691 JACQUES.

281 1697 342 1730 Elle
357 1698 397 1731 eſt
417 1708 453 1730 en
473 1697 596 1735 couche,
629 1693 793 1733 Monſieur,
822 1704 894 1726 mais
918 1708 988 1728 c’eſt

242 1749 300 1773 une
320 1747 429 1779 couche
453 1743 648 1779 malheureuſe
671 1743 742 1773 dont
758 1747 818 1781 j'ai
833 1752 901 1774 bien
917 1764 987 1783 peur

240 1789 345 1829 qu’elle
361 1801 400 1825 ne
410 1794 438 1825 ſe
449 1799 503 1824 tire
513 1806 572 1832 pas.
