1765 2693
160 454 327 483 magnificence
335 456 365 478 du
376 454 437 477 Nom
446 455 472 476 de
484 454 591 477 l'Eternel
604 454 643 476 ſon

159 485 234 511 Dieu;
245 486 300 507 &ils
311 485 473 508 demeureront
486 483 588 507 fermes;
605 488 640 504 car

161 521 189 537 en
199 521 242 542 peu
255 515 281 536 de
294 519 353 537 tems
364 514 378 536 il
390 513 545 539 s'aggrandira
555 513 644 540 juſques

161 548 206 565 aux
217 543 284 566 bouts
296 543 324 565 de
338 542 359 564 la
371 547 438 565 terre.

192 574 212 593 5.
226 570 237 583 *
249 568 279 591 Et
297 567 349 590 c’eſt
365 566 396 589 lui
416 566 454 593 qui
472 566 521 589 fera
540 566 562 586 la
581 566 642 592 paix.

161 597 235 626 Après
254 604 297 626 que
309 596 429 625 l’Aſſyrien
444 592 494 618 ſera
514 595 577 619 entré
591 597 647 618 dans

161 634 228 651 nôtre
240 632 304 655 païs,
320 627 340 649 &
355 627 411 654 qu’il
431 633 486 649 aura
502 631 545 649 mis
562 625 581 647 le
594 627 644 653 pied

160 655 220 677 dans
231 660 272 675 nos
280 653 372 682 palais,
392 658 450 674 nous
460 650 585 675 établirons
593 657 647 673 con-

161 691 197 710 tre
211 685 242 709 lui
256 685 304 712 ſept
319 683 436 711 paſteurs,
458 684 479 705 &
496 684 546 707 huit
557 688 647 710 princes

160 720 208 740 pris
218 715 247 737 du
258 720 375 736 commun.
434 714 445 728 *
455 713 507 740 Eph.
521 717 544 736 2,
564 716 599 735 14.

192 747 213 766 6.
226 740 260 767 Et
260 739 296 767 ils
296 739 440 769 ravageront
443 740 469 770 le
473 740 539 771 païs
539 740 648 770 d’Affyrie

161 776 219 795 avec
230 769 319 798 l’épée,
335 770 356 792 &
377 768 398 790 le
412 774 462 797 païs
480 771 508 792 de
522 769 619 792 Nimrod
636 777 648 790 à

161 798 195 822 ſes
205 794 303 826 portes;
310 799 331 820 &
342 799 358 821 il
370 804 428 822 nous
437 795 550 821 délivrera
559 797 599 818 des
611 797 649 820 Aſ-

161 827 263 857 ſyriens,
283 828 360 855 quand
372 827 400 851 ils
412 827 490 850 feront
503 825 580 849 entrés
591 827 647 848 dans

162 857 230 881 nôtre
240 861 299 883 païs,
311 855 331 877 &
342 856 409 884 qu'ils
418 862 500 878 auront
509 861 553 878 mis
564 855 586 877 le
597 854 649 882 pied

162 885 221 908 dans
235 889 279 906 nos
294 889 415 911 quartiers.

303 917 377 945 *Eſa.
394 919 433 942 13,
450 921 470 937 2.
488 920 509 942 3.

192 943 214 961 7.
224 935 259 961 Et
259 935 283 960 le
292 937 349 960 reſte
357 940 385 958 de
392 939 465 960 Jacob
473 935 523 959 ſera
531 940 559 958 au
569 932 649 956 milieu

163 963 190 987 de
194 957 313 993 pluſieurs
322 968 418 990 peuples
427 970 520 985 comme
532 967 576 983 unc
587 961 650 984 roſée

163 1003 202 1028 qui
215 1005 278 1025 vient
289 1001 316 1023 de
327 1000 454 1026 l'Eternel,
471 1001 491 1022 &
503 1005 594 1023 comme
607 1004 650 1020 une

162 1026 228 1054 pluïe
236 1027 321 1049 menuë
328 1026 366 1055 qui
375 1026 455 1050 tombe
465 1026 503 1050 ſur
511 1025 608 1052 l’herbe,
619 1023 652 1046 la-

164 1057 242 1083 quelle
251 1063 281 1079 on
290 1055 394 1080 n’attend
402 1060 469 1084 point
479 1056 576 1079 d’aucun
587 1054 653 1077 hom-

162 1093 218 1115 me,
238 1088 259 1111 &
274 1088 344 1115 qu’on
359 1085 461 1115 n'eſpère
477 1086 545 1116 point
560 1085 600 1108 des
614 1091 652 1109 en-

163 1114 216 1137 fans
229 1115 268 1137 des
283 1114 401 1137 hommes.

194 1143 216 1165 8.
230 1140 293 1164 Auſſi
303 1140 325 1163 le
333 1139 390 1164 reſte
398 1141 426 1164 de
436 1140 508 1166 Jacob
517 1137 565 1162 ſera
575 1143 651 1166 parmi

163 1162 199 1186 les
208 1171 320 1197 nations,
337 1170 366 1187 &
374 1170 402 1184 au
413 1169 494 1183 milieu
505 1171 532 1184 de
541 1167 655 1188 pluſieurs

165 1201 271 1227 peuples,
284 1206 377 1224 comme
386 1206 417 1222 un
430 1200 480 1222 lion
489 1197 565 1229 parmi
576 1199 608 1222 les
618 1200 654 1222 bê-

165 1230 199 1250 tes
207 1223 247 1250 des
258 1226 340 1253 forêts,
360 1228 388 1252 &
402 1230 494 1247 comme
507 1230 536 1247 un
546 1225 651 1246 lionceau

165 1256 241 1279 parmi
252 1252 293 1275 des
302 1255 430 1280 troupeaux
442 1251 470 1273 de
481 1250 565 1278 brebis;
577 1249 651 1277 lequel

165 1289 179 1311 y
193 1281 282 1311 paſſant
296 1284 360 1306 foule
377 1285 399 1307 &
412 1282 519 1308 déchire,
541 1281 592 1303 ſans
608 1286 652 1308 que

163 1313 279 1343 perſonne
289 1320 317 1336 en
328 1313 401 1341 puiſſe
414 1313 464 1337 rien
474 1311 586 1339 garantir.

195 1345 218 1365 9.
230 1337 268 1361 Ta
280 1343 345 1360 main
362 1337 412 1359 ſera
423 1337 501 1359 élevée
516 1336 555 1359 ſur
566 1339 601 1358 tes
612 1336 651 1357 ad-

166 1367 315 1393 verſaires,*
325 1368 345 1391 &
354 1373 406 1391 tous
417 1372 452 1390 tes
462 1371 567 1389 ennemis
576 1365 653 1388 ſeront

166 1392 307 1420 retranchés.
393 1400 432 1419 *v.
453 1399 541 1420 14.15.

197 1425 259 1446 10.*
272 1423 301 1445 Et
315 1421 332 1444 il
344 1420 447 1444 arrivera
465 1425 492 1442 en
512 1425 537 1442 ce
552 1420 651 1448 tems-là.

166 1452 201 1477 dit
211 1450 339 1477 l'Eternel,
360 1455 404 1478 que
418 1449 440 1475 je
451 1449 608 1472 retrancherai
621 1454 654 1472 tes

166 1483 271 1508 chevaux
286 1483 317 1505 du
328 1481 411 1507 milieu
421 1483 449 1504 de
459 1479 501 1512 toi,
514 1486 535 1505 &
545 1480 604 1504 ferai
616 1487 645 1510 pé-

168 1511 201 1535 rir
211 1518 244 1535 tes
255 1512 365 1535 chariots.
433 1509 507 1535 *Oſée
520 1513 559 1535 14,
574 1513 597 1534 4.

200 1543 237 1562 11.
250 1540 280 1563 Et
292 1539 313 1566 je
327 1538 483 1563 retrancherai
504 1538 536 1562 les
552 1537 618 1561 villes
629 1538 656 1561 de

168 1567 209 1588 ton
220 1571 285 1594 païs,
306 1567 327 1589 &
339 1565 442 1589 ruïnerai
455 1568 529 1588 toutes
540 1569 574 1587 tes
587 1565 646 1588 forte-

168 1600 248 1624 reſſes.

198 1628 237 1646 12.
251 1624 280 1650 Je
296 1621 457 1648 retrancherai
470 1622 526 1646 auſſi
540 1622 574 1646 les
584 1623 649 1646 force-

170 1639 238 1667 leries
247 1655 275 1667 de
288 1655 312 1667 ta
330 1656 410 1668 main,
431 1653 451 1663 &
467 1654 491 1664 tu
502 1654 595 1665 n’auras
604 1653 644 1669 plus

169 1683 243 1706 aucun
252 1682 445 1710 prognoſtiqueur
457 1681 485 1703 de
494 1687 563 1710 tems.

201 1717 235 1739 13.
250 1714 279 1737 Et
295 1720 317 1740 je
335 1712 492 1736 retrancherai
510 1717 543 1735 tes
566 1713 656 1737 images

170 1733 259 1759 taillées
275 1740 297 1757 &
307 1740 339 1756 tes
348 1739 429 1756 ſtatuës
440 1738 471 1753 du
482 1738 563 1755 milieu
574 1737 601 1752 de
613 1741 645 1753 toi,

171 1763 193 1787 &
206 1772 231 1790 tu
247 1772 277 1789 ne
287 1771 310 1788 te
327 1766 483 1793 proſterneras
502 1765 555 1793 plus
571 1764 647 1786 devant

173 1788 291 1822 l'ouvrage
300 1796 328 1814 de
339 1799 373 1815 tes
386 1794 469 1812 mains.

201 1824 238 1849 14.
250 1823 405 1850 J'arracherai
415 1822 470 1845 auſſi
480 1826 513 1846 tes
523 1822 620 1850 bôcages
628 1822 657 1844 du

171 1846 251 1873 milieu
263 1856 292 1873 de
304 1856 353 1874 toi,
378 1853 399 1870 &
415 1851 521 1871 effacerai
541 1858 576 1874 tes
589 1855 659 1874 enne-

171 1883 223 1907 mis.

337 1891 463 1911 *v.9.15.

200 1912 240 1934 15.
251 1911 280 1934 Et
288 1910 311 1937 je
321 1911 379 1934 ferai
388 1914 521 1937 vengeance
531 1913 587 1931 avec
599 1911 658 1939 colè‧

172 1932 196 1952 re
209 1935 231 1954 &
242 1942 299 1955 avec
306 1942 385 1969 fureur
393 1940 422 1966 de
431 1940 508 1964 toutes
521 1939 558 1965 les
568 1942 659 1969 nations

173 1963 211 1989 qui
221 1971 250 1992 ne
262 1970 382 1988 m’auront
394 1972 460 1993 point
468 1968 557 1987 écouté.

247 2027 502 2052 CHAPITRE
531 2031 581 2055 VI.

174 2055 245 2085 Procès
257 2061 285 2085 de
294 2062 353 2083 Dieu
368 2071 421 2082 avec
426 2062 467 2087 ſon
477 2064 560 2088 peuple.
576 2064 664 2097 Crainte

201 2094 236 2117 des
245 2094 316 2124 Juifs.
331 2099 434 2119 Menaces
447 2100 475 2118 de
484 2102 550 2118 Dieu.

171 2125 201 2176 E

201 2125 286 2155 Coutés
295 2133 442 2155 maintenant
450 2142 476 2153 ce
484 2141 528 2159 que
536 2131 570 2153 dit
579 2131 650 2152 l'Eter-

215 2164 261 2194 nel.
287 2167 407 2195 Lève-toi,
428 2171 506 2199 plaide
519 2172 563 2196 par
571 2169 660 2192 devant

173 2179 206 2207 les
215 2195 369 2227 montagnes,
386 2199 410 2228 &
419 2204 464 2228 que
471 2200 506 2227 les
514 2197 614 2224 collines
623 2198 651 2223 en-

174 2217 270 2246 tendent
281 2227 305 2244 ta
321 2227 385 2244 voix.

202 2254 224 2273 2.
243 2253 351 2280 Ecoutés,
365 2259 522 2284 montagnes,
543 2253 564 2277 le
581 2250 664 2281 procès

175 2273 203 2302 de
218 2280 347 2308 l'Eternel,
366 2287 473 2310 écoutés-le
483 2282 537 2304 auſſi
551 2284 607 2301 vous
622 2283 651 2304 qui

176 2303 221 2335 êtes
230 2313 262 2337 les
275 2312 327 2341 plus
339 2311 425 2335 fermes
442 2310 580 2335 fondemens
596 2310 624 2332 de
640 2310 664 2332 la

174 2336 272 2369 terre;*
281 2347 320 2367 car
329 2341 441 2367 l'Eternel
453 2348 466 2365 a
479 2350 508 2366 un
516 2337 599 2372 procès
599 2337 668 2371 avec

661 450 700 472 ſon
717 447 813 474 peuple,
829 455 849 470 &
861 455 876 470 il
887 448 990 473 plaidera
1001 454 1056 470 avec
1067 446 1144 469 Iſraël.

799 483 809 496 *
826 482 874 505 Oſéc
882 482 904 501 4,
923 480 942 496 I.

691 509 711 537 3.
726 504 783 526 Mon
797 505 887 529 peuple,
903 506 945 526 que
956 500 1026 526 t'ai-je
1038 500 1097 524 fait,
1117 507 1147 521 ou

664 542 689 561 en
691 533 751 563 quoi
766 536 836 559 t'ai-je
847 538 910 556 cauſé
920 533 948 554 de
967 533 990 554 la
1005 537 1091 561 peine?
1104 533 1148 556 Ré-

662 574 778 593 pon-moi.

690 603 711 620 4.
728 594 768 609 Car
784 593 803 610 je
815 588 854 609 t'ai
866 590 913 609 fait
913 590 1037 608 remonter
1049 590 1105 606 hors
1116 590 1147 607 du

660 627 715 644 païs
726 619 861 647 d'Egypte,
874 618 893 639 &
915 617 952 637 t'ai
972 621 1061 639 délivré
1082 617 1109 636 de
1127 617 1149 639 la

664 651 751 676 maiſon
764 650 790 670 de
801 643 921 672 ſervitude,
938 648 955 667 &
968 648 1006 670 j'ai
1020 652 1103 668 envoïé
1112 645 1150 668 de-

668 685 719 704 vant
729 684 760 702 toi
770 679 852 702 Moïſe,
866 677 952 700 Aaron,
965 678 985 697 &
997 676 1082 699 Marie.

694 714 714 734 5.
727 707 785 730 Mon
799 704 900 732 peuple,
913 704 968 732 qu'il
981 709 1001 727 te
1016 708 1147 729 ſouvienne,

663 742 687 759 je
687 742 714 759 te
728 737 805 762 prie,*
815 733 867 761 quel
882 732 968 756 conſeil
982 729 1053 756 Balac
1070 734 1110 754 Roi
1122 735 1150 755 de

668 765 737 788 Moab
746 766 807 785 avoit
818 768 865 789 pris
873 768 938 784 contre
952 764 988 788 toi,
1002 761 1022 783 &
1033 767 1061 781 de
1070 766 1093 781 ce
1106 766 1143 786 que

675 794 761 817 Balaam
771 792 807 814 fils
820 793 847 815 de
857 793 933 817 Béhor
944 790 975 814 lui
987 790 1107 819 répondit;
1122 793 1150 815 &

666 829 691 843 de
704 830 724 843 ce
738 827 771 848 que
780 819 820 845 j'ai
831 819 876 846 fait
886 820 966 848 depuis
976 820 1051 841 Sittim
1065 820 1151 846 juſqu'à

666 850 767 879 Guilgal,
784 849 830 872 afin
841 855 883 877 que
894 855 918 871 tu
930 847 1059 871 connoiſſes
1068 847 1099 870 les
1108 848 1151 872 juſ-

662 885 721 902 tices
731 882 758 902 de
767 878 916 902 l’Eternel.*
934 879 1003 901 Nomb.
1014 880 1082 903 22,5.
1093 881 1107 898 6.
1127 883 1150 903 7.

694 913 716 933 6.
732 909 794 929 Avec
808 913 846 934 qui
866 906 1057 936 préviendrai - je
1071 906 1153 928 l'Eter-

663 935 719 964 nel,
737 938 764 962 &
776 942 813 959 me
830 935 1016 963 proſternerai-je
1033 935 1118 957 devant
1131 935 1152 957 le

667 965 725 987 Dieu
738 964 879 987 ſouverain?
906 963 937 986 Le
956 964 1153 986 préviendrai - je

665 1000 721 1018 avec
746 995 785 1017 des
809 993 967 1020 holocauſtes,
993 995 1022 1019 &
1043 999 1098 1015 avec
1114 992 1155 1014 des

668 1029 739 1045 veaux
749 1024 804 1045 d’un
813 1025 861 1045 an?

695 1056 708 1077 7.
736 1047 858 1072 L'Eternel
867 1046 1010 1077 prendra-t-il
1021 1046 1096 1077 plaiſir
1109 1052 1155 1068 aux

675 1073 769 1096 milliers
781 1078 807 1093 de
820 1077 945 1096 moutons,
962 1077 992 1093 ou
1007 1077 1019 1095 à
1039 1076 1078 1093 dix
1090 1072 1155 1092 mille

680 1115 760 1133 torrens
768 1105 880 1139 d'huile?
882 1106 1034 1133 Donnerai-je
1043 1112 1097 1129 mon
1108 1105 1156 1132 pré-

668 1136 766 1160 mier-né
780 1142 831 1165 pour
848 1142 903 1159 mon
916 1141 1004 1162 crime,
1024 1136 1045 1160 le
1058 1135 1114 1158 fruit
1126 1136 1154 1157 de

675 1175 724 1192 non
741 1172 822 1190 ventre
846 1172 900 1197 pour
919 1166 941 1188 le
959 1165 1032 1195 péché
1051 1165 1079 1187 de
1097 1171 1155 1189 mon

669 1199 743 1221 ame?

697 1223 719 1242 8.
733 1222 751 1238 O
766 1216 875 1245 homme!
888 1215 924 1238 *il
935 1218 965 1239 t'a
982 1212 1074 1237 déclaré
1082 1218 1108 1235 ce
1117 1218 1155 1239 qui

666 1249 694 1273 eſt
708 1254 770 1272 bon;
795 1246 932 1274 &qu’eſt-ce
944 1252 987 1274 que
999 1246 1108 1269 l’Eternel
1122 1253 1156 1269 re-

671 1278 743 1309 quiert
752 1279 781 1300 de
793 1277 840 1303 toi,
860 1277 875 1298 fi
891 1282 938 1298 non
950 1281 995 1303 que
1009 1281 1033 1299 tu
1053 1275 1118 1298 faſſes
1130 1283 1155 1298 ce

668 1308 706 1336 qui
717 1307 749 1331 eſt
758 1305 833 1332 juſte,
845 1312 890 1335 que
901 1310 924 1327 tu
939 1311 1011 1328 aimes
1023 1304 1044 1328 la
1054 1306 1158 1332 bénigni-

670 1336 710 1364 té,
726 1337 747 1360 &
758 1342 802 1363 que
812 1340 836 1358 tu
846 1336 953 1359 marches
969 1341 996 1359 en
1008 1338 1074 1360 toute
1083 1334 1157 1358 humi-

666 1369 709 1389 lité
719 1372 775 1389 avec
787 1371 826 1390 ton
841 1368 925 1389 Dieu?

805 1395 893 1417 *Deut.
909 1398 947 1418 10,
963 1397 1000 1416 12.

697 1426 718 1447 9.
731 1418 763 1443 La
773 1425 826 1442 voix
837 1421 864 1442 de
873 1419 986 1443 l'Eternel
1000 1417 1045 1441 crie
1056 1418 1069 1441 à
1084 1418 1105 1440 la
1118 1418 1160 1441 vil-

667 1454 706 1479 le,
724 1453 781 1478 (car
796 1457 836 1474 ton
851 1452 911 1476 Nom
925 1455 972 1473 voit
986 1456 1079 1473 comme
1096 1451 1111 1472 il
1131 1456 1158 1472 va

678 1486 697 1508 de
710 1486 792 1510 tout:)
809 1482 908 1507 Ecoutés
926 1482 947 1504 la
960 1487 1041 1511 verge,
1067 1481 1087 1502 &
1100 1481 1159 1504 celui

676 1521 709 1537 qui
722 1515 752 1537 l’a
764 1514 870 1537 aſſignée.

702 1545 738 1562 10.
753 1537 848 1563 Chacun
860 1537 944 1553 n’a-t-il
964 1537 1003 1557 pas
1017 1537 1104 1563 encore
1115 1537 1160 1551 une

672 1570 760 1594 maiſon
783 1570 811 1592 de
829 1569 960 1595 méchant,
977 1570 1016 1592 des
1030 1569 1115 1591 tréſors
1133 1569 1160 1590 de

672 1599 858 1627 méchanceté,*
872 1600 893 1623 &
904 1606 934 1622 un
944 1599 1012 1627 Epha
1021 1604 1096 1625 court,
1107 1595 1124 1623 †
1135 1602 1161 1625 &

675 1631 819 1651 déteſtable?

754 1652 847 1674 *Amos
858 1652 881 1676 8,
894 1654 914 1675 5.
931 1651 946 1674 †
957 1649 1034 1677 Lévit.
1048 1654 1087 1672 19,
1103 1651 1142 1673 36.

702 1686 739 1704 II.
752 1681 898 1705 Tiendrai - je
909 1685 967 1705 pour
982 1681 1038 1701 net*
1049 1679 1107 1700 celui
1123 1677 1161 1704 qui

672 1721 685 1735 a
695 1717 722 1737 de
731 1713 812 1737 fauſſes
820 1714 940 1736 balances,
947 1712 966 1733 &
977 1711 1004 1733 de
1013 1710 1096 1733 fauſſes
1104 1716 1163 1738 pier-

667 1746 708 1764 res
720 1748 733 1763 a
740 1741 798 1773 péſer
810 1741 869 1766 dans
876 1740 915 1762 ſon
926 1740 1021 1764 ſachet?

810 1767 885 1797 *Oſée
897 1772 921 1793 8,
939 1771 978 1789 18.

703 1795 740 1813 12.
755 1791 800 1816 Car
819 1789 851 1813 ſes
863 1790 936 1812 riches
948 1789 1000 1813 ſont
1014 1787 1111 1816 remplis
1133 1790 1161 1814 de

673 1821 751 1844 choſes
763 1827 836 1843 ravies
855 1826 896 1848 par
909 1818 1029 1845 violence,
1055 1819 1087 1840 ſes
1099 1819 1163 1842 habi-

672 1858 723 1876 tans
734 1851 798 1873 uſent
810 1852 837 1873 de
849 1849 990 1877 menſonge,
1010 1849 1030 1871 &
1043 1848 1058 1870 il
1073 1856 1085 1876 y
1096 1855 1112 1872 a
1112 1855 1162 1872 une

674 1884 756 1903 tangue
767 1878 899 1903 trompeuſe
908 1879 965 1900 dans
974 1878 1023 1901 leur
1037 1878 1135 1899 bouche.

706 1915 733 1934 13.
746 1908 804 1937 C'eſt
814 1913 928 1937 pourquoi
937 1906 959 1932 je
969 1907 1008 1928 t'ai
1018 1908 1106 1929 renduë
1115 1906 1163 1930 lan-

677 1938 789 1967 guiſſante
800 1944 826 1959 en
838 1942 859 1959 te
870 1937 987 1965 frappant,
999 1937 1018 1958 &
1029 1940 1050 1959 te
1064 1936 1165 1960 rendant

676 1966 765 1991 deſolée
774 1973 786 1988 à
798 1965 862 1990 cauſe
874 1965 902 1988 de
912 1971 945 1988 tes
957 1962 1049 1992 péchés.

709 1997 769 2022 14.*
779 1994 816 2017 Tu
826 1998 963 2020 mangeras,
984 1997 1041 2014 mais
1058 1996 1082 2015 tu
1095 1998 1123 2014 ne
1134 1994 1167 2020 ſe-

675 2032 710 2049 ras
729 2022 794 2053 point
812 2021 925 2050 raſſaſié;
940 2021 954 2043 &
969 2021 990 2046 la
1003 2021 1065 2051 cauſe
1083 2022 1110 2045 de
1123 2028 1155 2046 ton

675 2053 844 2078 abbaiſſement
858 2051 908 2082 ſera
924 2058 953 2074 au
972 2051 1060 2074 dedans
1076 2053 1103 2075 de
1121 2057 1165 2083 toi-

678 2082 771 2110 même;
783 2085 807 2102 tu
821 2079 898 2103 ôteras
909 2079 935 2100 de
949 2077 1049 2103 devant,
1066 2083 1126 2100 mais
1141 2086 1164 2102 tu

678 2117 704 2132 ne
718 2110 823 2131 ſauveras
834 2111 915 2137 point;
936 2106 957 2127 &
975 2112 998 2127 ce
1011 2111 1054 2137 que
1064 2112 1087 2127 tu
1097 2114 1166 2140 auras

678 2138 755 2164 ſauvé,
768 2144 789 2163 je
801 2138 821 2161 le
834 2135 928 2160 livrerai
941 2137 953 2161 à
963 2137 1043 2166 l’épée.

815 2165 890 2197 *Oſée
905 2173 929 2193 4,
943 2172 973 2190 10.

705 2197 743 2219 15.
760 2191 798 2214 Tu
811 2188 928 2214 ſénicras,
942 2194 1001 2211 mais
1017 2193 1040 2213 tu
1059 2196 1087 2211 ne
1097 2191 1165 2230 moiſ-

675 2222 784 2246 ſonneras
808 2226 891 2249 point;
914 2225 938 2244 tu
952 2223 1063 2250 preſſeras
1078 2227 1166 2261 l'olive,

676 2260 735 2279 mais
746 2258 769 2275 tu
782 2259 810 2276 ne
820 2252 933 2277 t'oindras
943 2258 1011 2281 point
1021 2256 1124 2278 d'huile,
1145 2260 1159 2273 &

676 2282 696 2304 le
707 2285 790 2308 moût,
812 2286 871 2305 mais
890 2285 914 2306 tu
931 2286 959 2304 ne
980 2279 1057 2304 boiras
1067 2280 1134 2309 point
1143 2279 1167 2311 le

676 2319 721 2336 vin.

708 2341 745 2362 16.
763 2339 807 2361 Car
818 2344 848 2360 on
861 2344 874 2361 a
889 2338 980 2367 gardé*
990 2339 1023 2362 les
1034 2338 1168 2370 ordonnan-
