1591 2343
632 342 704 388 286

761 347 1013 392 HISTOIRE
1013 347 1093 392 DU
1093 347 1285 392 PRINCE

502 434 611 474 1708.

633 398 733 444 qu’ils
744 400 993 442 découvroient
1007 405 1038 442 la
1053 407 1203 454 planette
1216 411 1275 447 des
1293 412 1384 451 deux

631 445 752 484 Freres
777 450 893 497 Caſtor
915 451 954 486 &
976 456 1117 493 Pollux.

644 534 904 576 SALUTARIUM
937 541 1109 579 SIDERUM
1137 545 1364 587 APPARITIO.

645 622 845 669 Apparition
861 627 915 668 des
932 627 1020 677 deux
1038 627 1153 676 Aſtres
1169 631 1355 684 ſalutaires.

666 716 732 753 Les
758 720 893 768 paroles
918 724 960 761 de
980 725 1167 774 l'Exergue
1188 727 1285 773 ſont,

619 808 783 849 EUGENII
831 825 879 852 ET
924 817 1208 860 MARLBORUGII
1258 831 1376 863 FELIX

869 875 1130 907 CONJUNCTIO.

615 948 769 998 Heureuſe
782 953 936 1002 jonction
958 957 1120 1007 d'Eugene
1140 960 1178 1000 &
1205 964 1241 1001 de
1262 967 1375 1006 Marl-

932 1005 1061 1052 boroug.

659 1089 724 1126 Sur
745 1091 777 1127 le
800 1102 913 1129 revers
936 1106 983 1130 on
1003 1097 1076 1134 voit
1096 1100 1130 1138 la
1151 1100 1246 1141 Ville
1258 1103 1368 1143 d’Ou-

611 1135 742 1174 denarde
756 1137 839 1175 dans
854 1141 885 1176 le
900 1141 1065 1188 lointain,
1096 1147 1115 1182 &
1141 1148 1317 1193 vis-à-vis,
1334 1151 1368 1188 la

611 1182 739 1220 défaite
758 1185 816 1221 des
834 1188 994 1233 François
1008 1201 1091 1226 avec
1109 1201 1187 1230 tout
1209 1196 1243 1231 le
1258 1196 1368 1235 déſor-

610 1229 671 1264 dre
690 1231 734 1264 de
751 1232 826 1267 leur
851 1232 948 1271 fuite.
973 1235 1024 1272 La
1040 1237 1205 1284 Légende
1234 1243 1294 1286 qui
1321 1245 1370 1282 eſt

608 1272 666 1307 ſur
677 1273 710 1309 le
725 1282 804 1310 tour
817 1274 879 1311 fait
892 1277 1035 1317 alluſion
1049 1282 1067 1315 à
1081 1281 1114 1316 la
1125 1293 1248 1328 guerre
1257 1288 1329 1331 que
1329 1288 1366 1332 le

608 1319 731 1358 Prince
750 1318 891 1367 Eugene
907 1325 1000 1362 avoit
1016 1325 1099 1365 faite
1118 1342 1160 1366 en
1172 1329 1270 1368 Italie
1283 1342 1364 1371 con-

579 1370 659 1399 tre
677 1363 710 1400 le
728 1363 808 1403 Duc
828 1368 872 1405 de
894 1367 1089 1411 Vendôme.

607 1448 844 1487 VANDOMIUS
871 1459 913 1486 IN
935 1453 1170 1507 FLANDRIA,
1189 1466 1300 1495 SICUT
1322 1474 1362 1497 IN

651 1501 829 1552 ITALIA,
839 1516 998 1546 EUNDEM
1022 1520 1170 1557 FUGIT,
1195 1524 1244 1551 ET
1265 1527 1317 1555 UT

791 1566 1006 1598 FUGIENDUS
1040 1571 1180 1603 DOCET.

605 1640 663 1680 En
678 1641 817 1683 Flandre
833 1656 951 1682 comme
964 1661 1002 1683 en
1014 1649 1131 1698 Italie,
1159 1653 1316 1693 Vendôme
1330 1659 1360 1695 le

679 1688 775 1734 fuit,
808 1691 846 1729 &
869 1704 989 1733 montre
1010 1709 1128 1735 comme
1154 1702 1182 1737 il
1204 1703 1283 1746 faut

914 1749 944 1783 le
956 1746 1046 1793 fuir.

648 1831 694 1871 Et
718 1833 774 1875 ſur
797 1834 1013 1884 l’Exergue,
