2326 2624
1258 406 1371 436 verains
1390 402 1428 434 les
1441 403 1570 444 portions
1590 402 1641 444 qui
1662 400 1723 433 leur
1735 400 1890 433 tomboient
1906 407 1940 432 en

1254 461 1384 496 partage.

1336 490 1378 521 Ce
1403 498 1465 530 que
1479 489 1524 520 les
1536 487 1706 522 Hiſtoriens
1718 483 1938 519 Poméraniens

1261 529 1356 561 diſent
1365 537 1484 569 prouve
1493 535 1553 566 que
1560 529 1605 557 les
1612 529 1699 558 Ducs
1713 529 1751 556 de
1759 529 1940 556 Pomeranie

1259 574 1382 606 avoient
1394 571 1486 605 établi
1504 582 1544 604 un
1558 572 1764 605 Patrimonium
1785 570 1940 610 univerſale

1262 617 1338 649 dont
1357 615 1449 649 l'ainé
1469 617 1554 648 avoit
1573 617 1602 646 la
1626 614 1737 655 charge
1751 612 1792 643 du
1807 620 1941 653 gouver-

1262 666 1351 698 nent;
1361 659 1394 692 &
1403 659 1463 701 que
1463 659 1497 699 le
1510 658 1675 691 Dominium
1686 659 1796 697 plenum
1805 654 1940 697 n'appar-

1261 703 1361 735 tenoit
1395 702 1402 733 à
1429 709 1531 732 aucun
1557 701 1628 732 Duc
1653 703 1690 731 de
1710 699 1888 731 Pomeranie
1902 708 1941 729 en

1261 744 1444 787 particulier,
1458 742 1535 775 mais
1547 744 1622 784 qu'il
1635 742 1828 784 appartenoit
1836 742 1854 772 à
1868 746 1942 772 tous

1264 786 1421 820 enſemble.

1329 829 1385 860 Ces
1405 826 1558 869 Principes
1573 822 1678 857 établis
1694 824 1767 857 dans
1780 823 1808 855 la
1824 823 1940 856 maiſon

1265 869 1303 900 de
1318 867 1496 899 Pomeranie
1511 866 1540 897 ſe
1554 866 1743 898 manifeſtent
1757 873 1810 904 par
1823 868 1851 894 la
1867 873 1941 894 con-

1265 915 1348 946 duite
1362 923 1421 954 que
1436 914 1480 943 les
1494 913 1578 945 Ducs
1593 914 1629 943 de
1636 911 1814 944 Pomeranie
1824 914 1879 940 ont
1886 909 1944 941 ob-

1266 951 1352 993 ſervé
1362 967 1400 986 en
1414 953 1561 997 pluſieurs
1579 953 1744 985 occaſions.

1330 1000 1471 1040 Lorsque
1485 998 1648 1039 Bugislaus
1670 999 1690 1031 &
1703 997 1884 1040 Svantepolc
1893 991 1945 1038 fu-

1266 1048 1334 1074 rent
1353 1040 1489 1081 attaqués
1504 1041 1555 1073 des
1570 1040 1718 1073 Polonois
1733 1038 1766 1070 &
1781 1049 1841 1080 que
1848 1037 1943 1070 Svan-

1268 1087 1375 1125 topolc
1389 1085 1436 1116 fut
1447 1086 1502 1115 fait
1515 1079 1672 1127 priſonnier
1689 1082 1804 1114 celui-ci
1813 1082 1944 1121 pouvoit

1268 1128 1367 1158 ravoir
1388 1127 1416 1157 ſa
1438 1123 1552 1161 liberté,
1564 1124 1607 1155 s’il
1626 1124 1736 1156 vouloit
1748 1123 1943 1156 reconnoitre

1268 1172 1297 1201 la
1312 1169 1512 1201 Domination
1526 1167 1697 1200 Polonoiſe.
1762 1167 1789 1198 Il
1810 1177 1849 1197 ne
1866 1165 1896 1196 le
1907 1166 1946 1197 fit

1268 1211 1355 1249 point
1377 1211 1409 1241 &
1427 1211 1447 1239 il
1464 1211 1540 1240 aima
1560 1207 1660 1237 mienx
1683 1208 1799 1238 mourir
1812 1206 1885 1237 dans
1899 1207 1943 1236 les

1267 1255 1337 1285 fers.
1383 1254 1513 1294 Bugislas
1527 1257 1597 1293 trop
1613 1252 1705 1282 foible
1721 1260 1799 1292 pour
1817 1249 1943 1286 reſister,

1269 1294 1423 1336 depouillé
1439 1297 1477 1326 de
1489 1295 1534 1327 ſes
1547 1293 1636 1329 états,
1657 1292 1693 1327 &
1703 1291 1810 1326 voïant
1815 1291 1851 1329 le
1862 1292 1946 1327 triſte

1270 1333 1406 1376 exemple
1424 1334 1461 1365 de
1477 1335 1530 1365 ſon
1547 1336 1624 1366 frere
1639 1332 1873 1369 s'accommoda,
1896 1340 1943 1360 re-

1270 1386 1387 1412 connut
1401 1378 1429 1410 la
1436 1378 1637 1410 Domination
1650 1376 1823 1414 Polonoiſe,
1847 1375 1879 1408 &
1896 1377 1944 1408 fut

1271 1424 1374 1454 retabli
1394 1421 1469 1453 dans
1487 1421 1531 1451 ſes
1545 1421 1609 1461 païs
1623 1418 1656 1450 &
1668 1420 1742 1450 dans
1756 1417 1799 1448 les
1812 1417 1953 1459 poſſeſſi-

1271 1471 1329 1493 ons
1343 1463 1380 1492 de
1401 1462 1455 1493 ſon
1468 1460 1552 1491 frere.
1560 1458 1738 1498 Svantopolc.

1336 1505 1394 1536 Ces
1405 1504 1581 1547 poſſeſſions
1596 1505 1634 1534 de
1641 1499 1809 1543 Svantopolc
1821 1510 1882 1542 que
1887 1502 1943 1532 Bu-

1269 1545 1374 1587 gislaw
1393 1545 1475 1576 avoit
1496 1542 1618 1585 occupé
1629 1541 1877 1575 occaſionnerent
1890 1542 1943 1572 des

1272 1590 1404 1628 diſputes
1419 1593 1502 1619 entre
1518 1588 1561 1618 Iui
1576 1587 1608 1618 &
1621 1592 1704 1618 entre
1716 1585 1760 1616 ſes
1777 1583 1897 1616 couſins
1906 1585 1943 1615 de

1272 1634 1302 1662 la
1309 1629 1487 1662 Pomeranie
1492 1627 1672 1667 anterieure,
1682 1626 1731 1669 qui
1731 1627 1944 1666 pretendoient

1275 1679 1412 1714 partager
1435 1673 1479 1703 les
1505 1673 1680 1714 poſſeſſions
1707 1672 1745 1702 de
1765 1669 1940 1711 Svantopolc.

1274 1715 1332 1746 Les
1345 1715 1428 1745 Ducs
1443 1715 1479 1744 de
1487 1714 1515 1744 la
1522 1712 1700 1745 Pomeranie
1714 1711 1887 1742 anterieure
1895 1720 1942 1740 re-

1275 1756 1410 1788 ſolurent
1427 1748 1514 1796 aprés
1534 1753 1571 1784 de
1585 1753 1716 1792 longues
1731 1751 1943 1791 négociations

1277 1800 1313 1830 de
1328 1801 1401 1831 faire
1414 1798 1442 1829 la
1456 1806 1565 1838 guerre
1578 1807 1638 1828 aux
1646 1798 1731 1828 Ducs
1749 1796 1786 1827 de
1799 1797 1828 1827 la
1834 1797 1944 1827 Pome-

1277 1843 1359 1873 ranie
1370 1841 1529 1872 citerieure
1542 1838 1593 1879 qui
1608 1846 1648 1877 ne
1648 1845 1828 1877 commença
1836 1845 1895 1876 que
1902 1836 1946 1865 du

1277 1890 1355 1915 tems
1370 1885 1422 1915 des
1430 1883 1514 1914 Ducs
1523 1882 1640 1914 Sambor
1652 1881 1684 1913 &
1699 1880 1845 1923 Meſtovin,
1852 1879 1944 1919 petits

1277 1927 1326 1958 fils
1341 1928 1377 1956 de
1393 1923 1538 1966 Bugirlav.
1593 1920 1719 1963 Ceux-çi
1733 1922 1946 1954 demanderent

1278 1968 1452 2002 l'aſſiſtence
1458 1969 1511 1997 des
1517 1965 1666 1998 Polonois
1680 1964 1773 2005 qu'ils
1782 1964 1945 1999 obtinernt,

1282 2011 1460 2042 moiennant
1478 2008 1607 2048 laquelle
1625 2009 1669 2041 les
1691 2009 1775 2039 Ducs
1795 2008 1832 2038 de
1845 2007 1873 2037 la
1886 2007 1946 2037 Po-

1280 2051 1411 2082 meranie
1432 2049 1589 2080 citerieure
1607 2049 1636 2080 ſe
1650 2047 1859 2080 conſerverent
1871 2046 1945 2077 dans

1279 2094 1359 2127 leurs
1378 2092 1608 2136 poſſeſſions.
