1619 2296
600 422 758 462 ſources,
788 428 889 457 outre
917 422 952 460 le
969 420 1105 462 Célibat
1128 425 1190 472 10)
1216 425 1338 468 furent
1359 416 1439 468 l’in-

597 496 808 539 troduction
818 497 878 536 des
887 499 1109 546 Cardinaux,
1141 507 1207 552 11)
1232 503 1436 547 l’imitation

595 566 658 607 des
684 565 775 606 Fiefs
811 569 870 618 12)
896 571 946 609 les
970 568 1171 620 Croiſades,
1205 575 1266 623 13)
1291 578 1325 615 le
1336 575 1436 618 Droit

593 640 730 674 canon,
786 633 849 682 14)
877 636 927 675 les
953 633 1348 690 Excommunications,
1383 642 1434 681 les

591 698 828 748 Indulgences
855 704 890 738 &
916 700 966 739 les
989 698 1136 754 Jubilés.
1164 704 1223 755 15)
1239 691 1355 758 Cette
1370 704 1432 758 pé-

589 768 690 811 riode
708 769 852 825 parvint
868 778 887 814 à
905 773 968 815 ſon
989 774 1128 817 comble
1145 789 1194 818 en
1215 787 1327 827 1303.

947 890 982 938 §.
1006 899 1067 935 29.

649 945 702 983 De
725 946 875 988 Boniface
894 948 997 984 VIII.
1008 947 1146 993 jusqu'à
1164 951 1364 990 Maximilien

928 1003 1082 1038 Premier.

665 1078 846 1131 L’orgueil
872 1083 973 1125 outré
997 1085 1043 1125 de
1061 1088 1230 1130 Boniface
1246 1093 1344 1134 VIII.
1371 1093 1422 1139 fit,

581 1154 653 1195 que
678 1143 711 1182 la
737 1145 870 1185 France
905 1157 1116 1201 commença
1145 1149 1180 1188 la
1202 1150 1380 1204 premiere
1403 1157 1423 1194 à

578 1215 747 1272 mépriſer
771 1221 821 1259 les
851 1219 996 1264 foudres
1029 1222 1082 1265 du
1101 1223 1253 1268 Vatican
1283 1231 1319 1268 &
1341 1232 1361 1268 à
1383 1229 1422 1271 ſe

1339 1298 1420 1339 ſou-

574 1374 633 1417 10)
642 1375 768 1412 Decreti
784 1379 811 1413 I.
828 1382 899 1421 pats
912 1381 950 1414 C.
967 1390 983 1414 1
999 1382 1037 1416 &
1047 1392 1098 1417 12.
1106 1382 1157 1418 De
1170 1384 1276 1427 Epiſc.
1292 1386 1417 1421 &uxo-

634 1431 669 1453 re
685 1423 845 1456 Decretat.
862 1422 883 1453 I.
901 1432 932 1462 3.
948 1423 988 1457 T.
1008 1435 1038 1466 3.
1056 1425 1092 1460 C.
1112 1437 1127 1461 1
1151 1428 1186 1460 &
1199 1436 1231 1468 9.
1242 1429 1282 1461 de
1292 1429 1415 1466 clericis

635 1465 826 1515 conjugatis.

571 1502 630 1546 11)
642 1502 683 1536 G.
703 1512 741 1537 L.
763 1505 916 1542 Boehmer
928 1507 1086 1553 Principia
1099 1508 1185 1551 Juris
1213 1510 1334 1548 Canon.
1357 1513 1413 1550 lib.

634 1564 664 1588 2.
686 1555 717 1589 S.
747 1566 772 1588 l.
791 1556 816 1592 §.
836 1558 904 1595 136.

570 1592 628 1635 12)
640 1592 767 1638 Rouſſet
780 1589 857 1639 Supl.
890 1607 929 1631 au
954 1597 989 1635 C.
1006 1599 1046 1636 D.
1066 1598 1107 1637 T.
1124 1608 1155 1636 2.
1172 1609 1205 1644 p.
1229 1608 1282 1642 33.
1300 1599 1339 1634 ad
1356 1612 1409 1638 an.

636 1651 726 1681 1079.

567 1680 625 1721 13)
637 1680 713 1716 Otto
732 1682 867 1728 Friſing.
894 1685 965 1723 Lib.
990 1689 1062 1725 VII.
1087 1687 1125 1723 C.
1146 1698 1179 1724 2.
1194 1687 1235 1721 ad
1256 1699 1308 1723 an.
1327 1691 1409 1732 1096

631 1725 670 1756 de
687 1722 789 1766 geſtis
799 1727 949 1762 Friderici
972 1730 1077 1764 Primi.

567 1762 624 1804 14)
634 1761 730 1797 Alex.
754 1763 954 1800 Machiavelli
970 1769 1009 1801 ad
1020 1769 1123 1805 Carol.
1145 1769 1270 1816 Sigonii
1282 1771 1409 1810 hiſtori-

626 1824 679 1849 am
697 1814 867 1854 Bononiæ,
889 1817 930 1850 T.
947 1826 966 1857 3
995 1827 1028 1859 p.
1053 1824 1121 1853 128.

562 1851 620 1892 15)
635 1850 731 1886 Char.
755 1850 852 1887 Chair
864 1854 974 1888 lettres
988 1856 1058 1892 hiſt.
1077 1856 1112 1893 &
1126 1854 1349 1902 dogmatiques
1357 1860 1407 1895 ſur

624 1903 671 1937 les
691 1899 811 1941 Jubilés
830 1912 859 1943 3.
878 1903 916 1937 T.
929 1909 999 1941 8vo.
1013 1904 1151 1951 1757.T.
1162 1916 1192 1945 2.
1210 1906 1263 1945 let.
1280 1909 1405 1949 23-26.

625 1947 661 1984 &
673 1948 713 1987 T.
732 1956 762 1984 1.
778 1945 835 1982 let.
853 1956 885 1987 2.
904 1948 940 1986 &
953 1948 1042 1988 Suiv.
