1734 2649
469 384 567 419 SUR
593 365 920 418 L’AMBITION

1078 370 1159 415 103

225 470 359 517 d’une
382 461 534 523 leçon,
569 457 748 519 qu’avec
779 456 839 503 les
869 450 1164 500 circonſtances

223 531 298 590 qui
331 522 657 575 l'occaſionnent
693 521 736 567 &
768 521 808 567 la
853 515 1061 577 juſtifient,
1085 511 1165 557 elle

223 600 326 649 peut
351 584 574 634 s'inſinuer
621 578 715 639 plus
748 577 947 625 aiſément
979 572 1081 618 dans
1105 570 1165 615 les

225 648 368 710 eſprits
384 648 429 693 &
443 647 547 693 dans
561 644 619 689 les
636 652 794 686 coeurs.

317 736 447 795 Ainſi,
456 740 545 788 mes
545 729 694 786 freres,
703 740 758 771 au
765 727 911 773 milieu
925 725 982 770 du
998 732 1168 767 mouve-

229 813 349 847 ment
366 798 542 857 inquiet,
579 789 825 851 impétueux
851 790 905 833 de
924 798 1041 841 ceux,
1081 779 1168 839 qui,

231 861 332 909 dans
350 860 389 907 le
405 858 526 908 feſtin
542 851 696 912 auquel
718 852 748 897 il
773 850 914 899 aſſiſte,
939 845 1170 894 choiſiſſent

230 918 256 965 à
274 919 385 964 table
406 916 463 960 les
484 912 712 971 premieres
733 904 883 965 places,
915 901 956 946 ſe
979 900 1173 962 preſſent,

231 979 273 1022 ſe
290 974 461 1029 foulent
491 984 546 1015 en
577 960 764 1027 quelque
790 964 898 1011 ſorte
928 961 987 1006 les
1011 974 1091 1004 uns
1111 961 1173 1003 les

231 1046 382 1090 autres,
422 1044 533 1094 pour
555 1030 596 1077 ſe
631 1028 849 1084 dévancer,
883 1021 925 1067 ſe
959 1020 1175 1080 précéder,

235 1100 324 1144 être
349 1109 402 1140 au
424 1090 609 1153 premier
631 1100 750 1146 rang,
777 1099 837 1131 un
853 1081 1077 1132 ſentiment
1098 1082 1175 1127 s’é-

234 1160 328 1205 leve
341 1160 445 1205 dans
461 1156 590 1203 l’ame
604 1153 658 1198 de
672 1150 792 1210 Jeſus
812 1146 962 1202 Chriſt,
977 1142 1105 1204 digne
1121 1141 1178 1187 de

236 1217 277 1263 ſa
298 1213 460 1276 ſageſſe,
488 1213 532 1259 &
548 1213 601 1259 de
626 1210 728 1256 celle
751 1204 858 1267 qu’il
882 1202 1080 1252 voudroit
1102 1200 1180 1246 inſ-

237 1276 353 1334 pirer
385 1289 469 1322 aux
491 1270 700 1328 hommes,
737 1265 865 1325 digne
888 1263 942 1311 de
972 1263 1013 1309 ſa
1038 1258 1183 1314 bonté,

240 1333 430 1389 toujours
449 1329 650 1376 ennemie
670 1327 742 1373 des
764 1322 970 1371 foibleſſes
994 1320 1069 1378 qui
1091 1329 1184 1360 ren-

242 1383 344 1436 dent
373 1389 432 1433 les
461 1387 658 1431 hommes
696 1378 984 1435 malheureux,
1021 1373 1121 1420 c’eſt
1142 1372 1183 1415 le

239 1448 465 1494 ſentiment
478 1444 610 1488 d’une
623 1438 878 1497 compaſſion
892 1434 1065 1481 éclairée
1074 1442 1186 1489 pour

241 1498 300 1548 les
317 1499 533 1560 petiteſſes,
559 1499 617 1543 les
641 1494 860 1550 injuſtices,
887 1492 945 1535 les
968 1498 1186 1533 tourmens

246 1562 300 1611 de
320 1562 360 1607 la
375 1560 513 1608 vanité
529 1558 571 1605 &
587 1557 641 1604 de
655 1553 909 1602 l’ambition-
968 1550 1081 1594 Dans
1099 1558 1186 1590 une

245 1641 341 1676 ame
370 1622 644 1674 accoutumée
674 1620 696 1666 à
729 1615 875 1681 penſer
898 1628 950 1661 en
981 1611 1129 1673 grand,
1162 1609 1187 1656 à

246 1691 341 1738 voir
357 1687 575 1752 beaucoup
591 1682 693 1729 dans
721 1679 780 1727 les
798 1675 1013 1727 moindres
1034 1671 1192 1731 choſes,

250 1743 275 1787 à
292 1746 394 1790 tirer
418 1740 492 1787 des
520 1749 615 1796 plus
641 1736 790 1795 petites
814 1732 1109 1778 circonſtances
1137 1730 1192 1770 de

250 1802 434 1854 grandes
450 1795 729 1851 inſtructious,
759 1806 807 1837 ce
832 1794 1054 1835 ſentiment
1079 1791 1119 1829 n'
1134 1789 1192 1828 eſt

251 1871 325 1921 pas
349 1863 467 1926 oiſif,
493 1867 524 1911 il
541 1863 624 1920 n’y
649 1861 851 1908 demeure
873 1870 944 1916 pas
964 1849 1192 1910 renfermé,

252 1921 284 1966 il
301 1922 389 1969 doit
402 1922 443 1967 ſe
468 1916 675 1980 répandre
690 1916 842 1959 devant
863 1923 968 1953 ceux
991 1906 1193 1963 auxquels

253 1977 286 2023 il
310 1992 412 2036 peut
434 1978 609 2026 devenir
634 1975 757 2021 utile:
786 1974 899 2033 Jéſus
923 1967 1085 2027 propoſa
1118 1976 1195 2008 une

244 2026 464 2088 ſimilitude
479 2044 661 2092 prenant
673 2034 809 2084 garde
824 2040 1016 2067 comment
1027 2025 1079 2062 ils
1095 2023 1197 2064 choi-

245 2085 416 2149 ſiſſoient
421 2097 478 2140 les
488 2095 714 2153 premieres
719 2094 856 2145 places
864 2088 896 2126 à
913 2085 1032 2126 table.

344 2176 441 2225 Mes
456 2179 602 2234 freres,
616 2176 658 2218 le
679 2175 756 2218 but
770 2176 824 2217 de
841 2184 948 2214 cette
963 2169 1201 2226 ſimilitude,

259 2234 318 2284 les
334 2239 515 2294 grandes
529 2242 574 2283 &
591 2241 867 2293 importantes
885 2234 1026 2284 leçons
1052 2232 1203 2283 qu’elle

730 2309 775 2354 G
805 2315 836 2358 4

1110 2312 1205 2343 ren-
