1368 1973
370 290 421 329 de
421 290 576 329 l'Amour.

750 303 806 339 95

180 349 221 374 ne
233 335 420 377 l'amuſerois
443 350 498 384 pas
525 343 558 374 &
580 341 647 388 que
647 341 682 389 le
693 351 768 378 tout
780 343 810 378 ſe

180 387 380 423 termineroit
397 398 453 433 par
475 400 521 421 un
543 389 612 423 bon
635 393 810 434 mariage,

183 439 258 472 mais
279 448 358 472 mon
378 439 459 472 Pere
480 436 511 473 ſe
525 438 560 474 fit
572 439 654 474 tenir
664 439 683 472 à
699 450 813 486 quatre

179 496 265 532 pour
280 497 307 530 y
318 484 505 529 conſentir,
535 491 567 523 &
586 499 629 522 en
640 492 811 527 attendant

177 537 260 586 qu'il
281 540 331 585 s’y
353 538 567 582 determina,
597 551 679 574 nous
701 541 810 579 eûmes

180 598 258 626 tout
282 589 312 625 le
331 600 413 626 tems
433 592 472 627 de
492 593 564 630 voir
584 594 694 635 Paris,
720 596 753 628 &
768 596 809 630 de

176 648 262 674 nous
272 649 443 686 promener
468 639 545 677 dans
561 651 635 677 tous
648 642 690 678 les
700 639 807 679 beaux

176 693 321 730 endroits
347 694 387 731 de
397 704 486 732 cette
500 694 684 733 charmante
697 697 807 741 Ville,

174 753 262 778 nous
272 745 376 780 fûmes
397 748 472 781 voir
492 747 524 781 la
540 748 634 782 Cour
654 743 807 794 pluſieurs

178 796 240 834 fois
261 797 281 831 à
304 797 506 836 Verſailles,
536 809 618 831 nous
648 797 806 834 viſitâmes

176 853 286 880 toutes
302 844 351 881 les
377 845 523 882 Maiſons
536 847 696 890 Roiales,
714 848 807 882 Mar-

177 897 237 945 ly,
260 897 433 942 Trianon,
454 899 486 936 S.
499 898 683 945 Germain,
704 901 807 937 Meu-

176 944 266 989 don,
289 958 372 982 nous
384 945 486 985 fûmes
498 946 516 985 à
527 950 736 990 Vincennes,
761 958 805 983 au

178 1002 256 1041 Bois
281 1004 321 1041 de
342 1001 545 1053 Boulogne,
576 1016 640 1042 aux
659 1006 808 1045 Thuille-

175 1051 262 1096 ries,
282 1066 323 1090 au
338 1054 444 1106 Jardin
454 1056 499 1093 du
507 1056 591 1097 Roi,
610 1056 629 1093 à
640 1056 669 1095 la
681 1058 806 1095 Come-

179 1105 256 1152 die,
280 1107 298 1145 à
306 1107 467 1158 l'Opera,
491 1106 512 1146 à
512 1106 550 1147 la
560 1112 656 1149 Foire
672 1112 706 1150 S.
720 1111 807 1149 Ger-

177 1155 288 1199 main,
312 1158 345 1192 &
367 1157 610 1206 generalement
626 1159 709 1195 dans
729 1168 807 1196 tous

174 1199 225 1239 les
238 1204 380 1240 endroits
406 1208 453 1239 où
472 1219 556 1241 nous
566 1208 692 1240 crûmes
711 1216 807 1240 trou-

175 1271 235 1296 ver
255 1263 397 1316 quelque
406 1265 506 1313 plaiſir
517 1265 583 1304 ſans
598 1264 804 1304 m’embaraſ-

176 1298 223 1337 ſer
235 1313 453 1349 aucunement
472 1313 514 1341 de
526 1314 557 1342 la
575 1311 720 1355 dépence
735 1322 802 1353 que

175 1354 208 1389 le
219 1357 339 1404 voiage
355 1369 407 1393 me
420 1362 565 1402 cauſoit,
576 1363 704 1396 Samuel
717 1364 803 1394 aiant

176 1416 218 1442 eu
234 1406 304 1448 ſoin
327 1411 367 1446 de
385 1423 438 1446 me
451 1414 528 1448 faire
538 1415 622 1448 tenir
631 1415 803 1455 très-regu-

174 1450 342 1490 lierement
361 1463 445 1491 deux
466 1468 544 1494 cens
567 1462 699 1494 Piſtoles
725 1467 802 1490 tous

175 1500 219 1537 les
230 1509 309 1540 mois
323 1511 441 1544 durant
458 1519 533 1546 tout
544 1514 576 1544 Ie
587 1511 689 1556 ſéjour
697 1517 760 1553 que
770 1505 802 1549 je

171 1552 226 1590 fus
252 1568 294 1593 en
313 1559 453 1612 France.

689 1615 800 1652 Mon-
