1507 2239
611 300 663 334 25

212 377 287 399 ment
304 362 351 396 les
363 370 474 399 intérêts
498 376 668 408 d'Eliſabeth.
703 370 737 395 La
756 376 822 394 cour
838 367 870 393 de
885 367 984 394 France
998 368 1072 394 offrit

212 428 228 451 à
239 427 264 452 la
277 424 350 450 reine
364 423 397 451 de
410 424 449 449 lui
467 432 547 458 payer
559 423 606 450 des
620 420 738 450 ſubſides
757 422 785 448 &
798 420 831 447 de
844 420 868 447 la
883 419 1073 453 dédommager

212 473 260 501 des
281 474 348 501 fraix
371 472 413 506 de
429 474 453 499 la
473 481 582 505 guerre,
605 476 619 498 à
639 473 781 498 condition
799 471 897 504 qu’elle
925 473 1015 495 retirât
1034 473 1073 496 ſes

212 535 353 564 troupes.
369 528 437 559 Mais
446 527 579 558 Eliſabeth
594 536 626 554 ne
638 527 717 560 jugea
731 534 777 561 pas
790 529 803 551 à
815 532 917 560 propos
931 524 963 551 de
974 525 1074 553 vendre

212 580 227 606 à
241 579 258 606 ſi
273 578 330 605 bon
343 578 447 608 marché
457 578 495 606 les
513 578 620 603 ſecours
636 578 733 609 qu’elle
746 578 820 602 avoit
832 577 938 602 fournis
950 584 1000 599 aux
1014 584 1076 606 pro-

213 629 327 660 teſtans;
346 630 396 658 elle
411 630 570 656 redemanda
585 630 690 656 Calais,
709 631 735 653 &
747 642 797 664 elle
811 648 915 669 envoya
938 642 976 668 au
989 649 1078 663 comte

216 681 249 709 de
267 679 413 713 Warwick,
442 682 488 713 qui
512 680 697 709 commandoit
717 682 756 720 ſes
781 687 891 714 troupes
913 685 946 701 en
967 691 1075 716 France,

212 733 314 762 l’ordre
333 733 366 761 de
380 732 508 764 défendre
521 733 546 760 le
560 735 647 761 Havre
660 740 724 758 avec
739 732 860 764 vigueur.
890 733 931 756 La
951 734 1075 762 garniſon

213 787 345 827 Angloiſe
364 787 397 819 de
413 795 482 815 cette
501 787 565 815 ville
587 786 726 817 conſiſtoit
741 794 774 811 en
788 788 856 821 6700
867 778 1005 814 hommes,
1024 793 1077 817 que

214 837 240 865 le
253 838 294 870 roi
308 837 419 868 Charles
434 838 477 865 IX.
499 844 605 871 attaqua
619 847 683 866 avec
701 846 791 862 toutes
805 838 843 861 les
864 838 951 863 forces
968 838 1076 860 réunies

215 889 250 917 de
265 890 291 918 la
310 890 465 918 monarchie
486 891 626 924 françoiſe.
673 891 722 916 Les
746 890 864 919 Anglois
885 890 1079 913 combattirent

216 953 250 973 en
265 945 429 982 déſeſpérés,
453 946 518 972 mais
532 947 545 970 à
559 945 583 970 la
597 944 634 971 fin
654 945 678 969 la
694 943 765 977 peſte
777 942 802 976 ſe
818 941 867 969 mit
881 943 946 968 dans
960 941 1077 972 l’armée,

215 995 244 1023 &
257 996 350 1023 enleva
369 993 471 1028 chaque
489 993 552 1029 jour
573 993 634 1027 plus
649 991 682 1020 de
695 999 756 1020 cent
770 989 901 1022 hommes,
937 991 1078 1021 Warwick,

216 1047 308 1075 réduit
328 1055 380 1074 aux
401 1044 479 1076 abois
500 1054 547 1081 par
570 1053 598 1072 ce
622 1043 732 1073 terrible
752 1045 835 1075 fléau,
862 1043 888 1070 &
912 1043 936 1069 la
948 1043 1079 1070 mauvaiſe

216 1099 372 1130 nourriture
395 1107 447 1132 que
467 1099 505 1131 les
528 1098 628 1129 ſoldats
655 1096 758 1129 étoient
778 1096 883 1131 obligés
904 1096 937 1124 de
955 1097 1079 1129 prendre,

218 1152 336 1186 capitula
358 1152 385 1178 &
406 1152 485 1177 remit
506 1151 530 1178 le
551 1151 639 1178 Havre
659 1156 711 1175 aux
728 1147 872 1181 François,
907 1150 984 1178 après
1003 1148 1081 1172 avoir

218 1201 322 1238 occupé
343 1209 371 1228 ce
395 1201 450 1228 fort
468 1200 587 1236 pendant
608 1207 677 1227 onze
697 1196 782 1235 mois,
810 1196 837 1223 &
860 1198 973 1228 ceux-ci
992 1200 1007 1223 à
1022 1198 1081 1224 leur

219 1261 299 1288 tour,
317 1257 342 1283 le
355 1257 489 1288 laiſſérent
503 1256 582 1285 ſortir
600 1252 823 1290 tranquillement
842 1252 875 1280 de
892 1252 918 1279 la
935 1252 999 1279 ville
1015 1260 1082 1279 avec

217 1307 257 1334 les
279 1314 346 1338 1500
359 1305 480 1336 hommes
500 1304 546 1339 qui
569 1304 608 1332 lui
628 1302 754 1331 reſtoient
773 1309 879 1330 encore.
915 1302 939 1327 A
960 1302 1038 1336 peine
1056 1302 1081 1328 la

219 1358 398 1394 capitulation
420 1359 490 1388 étoit
517 1359 567 1386 elle
590 1351 701 1393 ſignée,
719 1364 772 1391 que
793 1355 817 1382 la
838 1354 914 1383 flotte
942 1353 1081 1390 Angloiſe,

220 1410 331 1446 chargée
353 1411 386 1438 de
406 1415 517 1444 troupes
537 1409 565 1436 &
583 1410 616 1437 de
634 1405 801 1438 munitions,
831 1406 858 1434 &
879 1413 930 1440 que
944 1408 990 1434 des
1005 1416 1082 1433 vents

220 1461 367 1491 contraires
389 1460 500 1488 avoient
521 1460 637 1489 arrêtée,
667 1465 746 1492 parut
762 1459 776 1483 à
798 1459 823 1484 la
847 1457 898 1483 vûe
926 1459 963 1484 du
983 1460 1081 1486 Havre,

222 1511 288 1539 mais
310 1512 335 1537 la
352 1511 426 1546 place
443 1512 511 1541 étoit
533 1513 591 1543 déjà
605 1520 638 1538 au
652 1510 772 1542 pouvoir
786 1510 831 1537 des
846 1512 975 1552 ennemis.
1011 1511 1084 1533 Pour

220 1563 328 1593 comble
348 1563 532 1598 d'infortune,
550 1562 682 1592 Warwick
702 1566 779 1594 porta
797 1562 822 1586 la
836 1562 906 1596 peſte
923 1563 988 1587 dans
1002 1561 1026 1598 ſa
1040 1569 1084 1591 pa-

221 1619 288 1651 trie,
306 1618 334 1644 &
353 1628 382 1646 ce
394 1617 462 1644 fléau
475 1617 506 1645 fit
521 1617 591 1652 périr
604 1620 618 1644 à
632 1615 753 1642 Londres
765 1623 860 1648 21,530
871 1614 1002 1640 hommes.
1039 1613 1084 1638 On

222 1670 334 1699 conclut
348 1668 420 1697 enfin
434 1668 459 1694 la
472 1668 532 1704 paix
544 1677 610 1696 avec
620 1667 645 1696 la
659 1668 772 1698 France,
793 1667 819 1692 &
833 1667 871 1694 les
884 1667 954 1691 deux
969 1663 1084 1700 puiſſan-

222 1731 267 1750 ces
283 1718 446 1748 convinrent
458 1726 511 1754 que
524 1720 596 1745 leurs
609 1720 779 1755 prétentions
800 1718 958 1744 reſteroient
974 1716 1007 1741 de
1025 1723 1084 1749 part

222 1778 251 1807 &
262 1779 365 1807 d'autre
380 1775 445 1803 dans
459 1776 484 1801 le
497 1776 582 1803 même
596 1776 665 1808 état,
685 1775 712 1801 &
727 1774 784 1802 l’on
798 1772 910 1799 accorda
925 1775 938 1798 à
952 1771 1085 1802 Eliſabeth

221 1838 337 1864 220,000
347 1837 501 1859 couronnes
515 1838 548 1857 en
569 1835 671 1864 rançon
692 1828 740 1855 des
756 1831 864 1859 otages,
889 1832 942 1860 que
954 1825 992 1855 les
1005 1827 1084 1855 Fran-

720 1888 773 1920 B5
