1899 2589
671 706 777 764 UN
796 726 917 772 peuple
936 723 996 767 qui
1012 724 1065 756 fut
1082 722 1256 768 l'exemple
1272 721 1330 756 des
1345 718 1500 760 nations,
1518 718 1576 765 qui
1591 719 1662 754 leur

671 783 826 829 enſeigna
850 792 924 816 tous
948 784 994 816 les
1018 795 1107 822 arts,
1136 781 1165 816 &
1183 780 1294 817 même
1314 782 1400 817 celui
1418 782 1460 816 de
1477 780 1511 814 la
1528 791 1662 824 guerre,

670 839 702 872 le
728 839 845 872 maître
865 839 922 871 des
943 837 1108 870 Romains
1128 835 1188 881 qui
1208 844 1269 870 ont
1287 836 1339 871 été
1356 846 1419 869 nos
1438 832 1596 874 maîtres,
1630 834 1663 868 la

671 894 779 929 Grèce
808 892 927 931 enfin,
957 893 1067 936 parmi
1093 892 1139 928 ſes
1171 892 1375 927 inſtitutions
1402 888 1504 937 qu'on
1535 891 1664 925 admire

671 961 819 988 encore,
859 950 946 983 avait
969 949 1068 985 établi
1092 947 1211 995 l'uſage
1241 949 1283 983 de
1312 945 1481 982 confacrer
1510 958 1571 991 par
1604 947 1663 981 des

670 1004 779 1052 éloges
798 1005 952 1041 funèbres
969 1005 1003 1039 la
1021 1003 1183 1039 mémoire
1201 1004 1259 1038 des
1284 1003 1432 1050 citoyens
1451 1002 1511 1047 qui
1529 1003 1663 1037 avaient

670 1059 824 1105 répandu
845 1061 917 1094 leur
940 1059 1021 1103 fang
1044 1069 1132 1104 pour
1155 1058 1189 1092 la
1211 1058 1326 1104 patrie.
1361 1058 1533 1095 Coutume
1562 1056 1666 1103 digne

672 1115 871 1155 d'Athènes,
888 1113 988 1160 digne
998 1115 1099 1148 d’une
1108 1113 1229 1149 nation
1237 1113 1424 1149 valeureuſe
1439 1112 1469 1148 &
1483 1112 1662 1153 humaine,

673 1171 774 1217 digne
793 1171 836 1206 de
854 1171 960 1204 nous!
983 1170 1153 1215 pourquoi
1171 1182 1214 1204 ne
1239 1171 1271 1204 la
1289 1168 1557 1206 ſuivrions-nous
1578 1177 1662 1212 pas,

672 1237 758 1259 nous
776 1226 982 1271 long-temps
994 1224 1042 1259 les
1057 1223 1206 1259 heureux
1223 1223 1338 1258 rivaux
1353 1235 1393 1257 en
1410 1230 1479 1257 tant
1491 1221 1534 1256 de
1547 1233 1665 1267 genres

673 1282 716 1316 de
730 1290 814 1316 cette
826 1280 944 1315 nation
957 1274 1187 1328 reſpectable?
1197 1278 1370 1326 Pourquoi
1383 1290 1470 1313 nous
1486 1279 1665 1314 renfermer

672 1339 758 1375 dans
787 1337 909 1384 l’uſage
935 1338 978 1372 de
1006 1350 1051 1372 ne
1081 1336 1228 1373 célébrer
1254 1337 1348 1382 après
1376 1337 1448 1370 leur
1478 1343 1568 1369 mort
1597 1345 1666 1381 que

676 1405 759 1426 ceux
782 1390 842 1438 qui
868 1401 968 1426 avant
993 1391 1045 1427 été
1068 1390 1199 1426 donnés
1224 1403 1265 1425 en
1290 1388 1445 1437 ſpectacle
1473 1401 1515 1423 au
1538 1390 1667 1423 monde

672 1458 733 1488 par
752 1448 823 1478 leur
840 1435 1026 1484 élévation,
1047 1452 1108 1477 ont
1122 1441 1174 1476 été
1188 1441 1327 1487 fatigués
1341 1441 1496 1475 d'encens
1514 1439 1666 1485 pendant

673 1509 745 1542 leur
763 1506 843 1543 vie?

727 1569 758 1603 Il
771 1568 815 1603 eſt
822 1566 907 1613 juſte
921 1565 993 1600 ſans
1007 1565 1128 1605 doute,
1149 1564 1174 1598 il
1188 1563 1332 1608 importe
1349 1575 1392 1596 au
1410 1561 1666 1609 genre-humain

673 1625 716 1658 de
739 1623 835 1658 louer
859 1623 905 1657 les
928 1622 1039 1663 Titus,
1064 1623 1111 1656 les
1135 1620 1278 1667 Trajan,
1304 1620 1350 1656 les
1374 1621 1469 1656 Louis
1487 1623 1589 1660 XII,
1618 1622 1665 1656 les

674 1681 779 1715 Henri
797 1680 875 1719 IV,
904 1677 933 1712 &
959 1688 1041 1711 ceux
1067 1675 1127 1723 qui
1154 1676 1227 1710 leur
1252 1674 1472 1712 reſſemblent.
1503 1675 1596 1709 Mais
1622 1688 1667 1710 ne

674 1731 890 1765 rendra-t-on
917 1728 1038 1774 jamais
1068 1726 1149 1775 qu’à
1175 1729 1209 1762 la
1239 1728 1369 1774 dignité
1397 1740 1449 1764 ces
1480 1727 1612 1763 devoirs
1642 1730 1667 1764 ſi

674 1785 865 1821 intéreſſans
896 1782 925 1818 &
951 1784 974 1817 ſi
1000 1785 1093 1818 chers
1118 1782 1234 1828 quand
1259 1784 1298 1817 ils
1326 1783 1400 1818 ſont
1425 1782 1549 1817 rendus
1580 1780 1601 1815 à
1632 1783 1666 1817 la

675 1838 864 1893 perſonne;
886 1842 908 1875 ſi
925 1843 1020 1877 vains
1045 1842 1161 1888 quand
1185 1842 1224 1876 ils
1248 1853 1291 1876 ne
1315 1841 1389 1876 ſont
1413 1841 1537 1888 qu’une
1559 1841 1666 1884 partie

674 1896 847 1932 néceſſaire
863 1896 964 1930 d’une
982 1906 1107 1940 pompe
1124 1894 1282 1934 funèbre,
1302 1894 1417 1940 quand
1432 1894 1461 1928 le
1479 1905 1570 1928 cœur
1585 1893 1666 1931 n’eſt

674 1953 773 1998 point
788 1951 930 1991 touché,
951 1953 1068 1997 quand
1082 1954 1116 1987 la
1131 1952 1246 1987 vanité
1257 1952 1343 1986 ſeule
1356 1953 1399 1987 de
1409 1951 1565 1986 l'orateur
1571 1951 1666 1995 parle

676 2011 698 2042 à
721 2010 752 2043 la
777 2007 889 2043 vanité
911 2008 968 2041 des
989 2005 1163 2045 hommes,
1192 2003 1221 2039 &
1246 2016 1313 2050 que
1336 2005 1420 2041 dans
1444 2018 1493 2039 un
1516 2005 1665 2040 diſcours

674 2062 847 2108 compoſé,
871 2061 900 2097 &
919 2063 1002 2097 dans
1023 2075 1089 2098 une
1102 2062 1242 2099 diviſion
1256 2061 1384 2102 forcée,
1404 2073 1450 2096 on
1467 2059 1604 2106 s'épuiſe
1620 2073 1663 2094 en
