1587 2405
224 407 398 443 SELON
425 404 455 440 S.
480 400 690 436 MATTH.
709 404 911 449 Chap.XXI.

976 410 1025 445 77

181 470 334 512 Enſuite
366 467 511 515 JESUS
537 472 644 502 entra
672 463 763 503 dans
787 463 825 503 le
853 457 1019 509 Temple

116 518 165 558 de
193 519 309 559 Dieu.
382 516 414 554 Il
438 526 487 554 en
514 509 638 553 chaſſa
666 520 754 549 tous
779 519 877 548 ceux
900 511 969 557 qui
998 516 1020 555 y

114 566 349 612 vendoient,
389 565 429 603 &
445 562 515 611 qui
537 573 558 608 y
574 557 810 601 achetoient.
871 559 905 598 Il
931 567 1021 596 ren-

115 619 215 660 verſa
235 618 329 657 auſſi
346 617 402 657 les
418 615 537 655 tables
551 612 618 652 des
636 609 879 657 Changeurs,
908 612 946 648 &
967 609 1021 648 les

115 666 234 712 ſieges
254 667 303 705 de
322 676 423 703 ceux
444 662 512 710 qui
527 658 738 703 vendoient
753 657 820 695 des
847 663 1021 709 pigeons.

115 717 155 772 Et
176 718 206 765 il
226 725 312 763 leur
328 720 407 763 dit;
432 720 464 758 Il
483 719 535 759 eſt
554 716 665 765 écrit,
691 717 759 754 Ma
776 713 928 755 Maiſon
945 714 1021 757 ſera

117 769 292 822 appellée
324 779 402 807 une
427 767 574 808 maiſon
601 763 649 804 de
679 763 824 818 priere;
878 769 1025 810 cepen-

117 824 210 864 dant
230 829 326 859 vous
345 830 393 859 en
413 828 502 859 avez
528 815 594 858 fait
613 827 690 856 une
707 822 869 854 caverne
887 811 936 850 de
953 825 1026 851 vo-

118 876 238 917 leurs.

189 924 246 964 En
271 918 398 964 même
422 928 541 965 tems,
597 913 664 956 des
690 914 867 968 aveugles
894 914 934 953 &
958 910 1023 960 des

119 973 285 1015 boiteux
304 971 454 1013 vinrent
472 973 491 1009 à
509 970 564 1011 lui
587 968 680 1007 dans
701 968 734 1006 le
759 965 946 1018 Temple,
987 965 1026 1003 &

110 1028 152 1073 il
152 1028 220 1072 les
236 1029 369 1082 guérit.
476 1027 578 1069 Mais
596 1024 650 1065 les
664 1020 895 1078 principaux
909 1020 1024 1070 Sacri-

109 1081 339 1129 ficateurs,
358 1081 398 1121 &
415 1078 472 1120 les
491 1076 665 1123 Scribes,
707 1073 840 1115 voiant
858 1073 913 1112 les
932 1082 1032 1112 mer-

108 1131 264 1181 veilles
264 1129 370 1185 qu’il
385 1130 518 1172 venoit
536 1126 585 1169 de
602 1127 716 1172 faire,
743 1127 782 1165 &
800 1136 879 1179 que
897 1125 950 1164 les
968 1135 1032 1163 en-

108 1182 205 1224 fans
224 1181 392 1224 crioient
420 1178 511 1223 dans
534 1180 574 1219 le
600 1178 788 1228 Temple,
828 1177 1033 1218 Hoſanna,

124 1250 173 1280 au
181 1233 251 1287 fils
274 1239 326 1279 de
348 1236 497 1281 David;
536 1234 582 1275 ils
607 1247 654 1273 en
679 1231 809 1272 furent
832 1228 1033 1281 indignez,

122 1291 166 1329 &
196 1289 253 1329 lui
277 1287 425 1330 dirent;
510 1283 843 1324 Entendez - vous
872 1291 919 1317 ce
951 1285 1032 1326 que

127 1339 251 1380 diſent
268 1335 332 1378 ces
347 1337 502 1377 enfans?
538 1333 633 1379 Oui,
665 1333 748 1371 leur
767 1330 946 1375 répondit
962 1333 1032 1376 JE-

127 1401 260 1430 SUS.
374 1392 664 1430 N’avez - vous
705 1380 839 1432 jamais
883 1383 924 1423 lû
969 1392 1034 1420 ces

125 1435 305 1486 paroles;
317 1436 381 1474 Tu
397 1436 439 1473 as
439 1431 516 1472 tiré
536 1431 604 1471 des
620 1430 801 1474 louanges
820 1428 868 1466 de
886 1429 919 1467 la
937 1430 1037 1467 bou-

127 1486 203 1527 che
222 1485 289 1527 des
307 1482 461 1530 enfans,
505 1484 544 1522 &
570 1480 619 1521 de
635 1492 731 1521 ceux
752 1480 820 1530 qui
846 1481 931 1518 ſont
959 1484 978 1516 à
1002 1485 1036 1518 la

125 1538 381 1582 mammelle?
490 1538 536 1578 Et
553 1536 609 1576 les
627 1536 729 1576 aiant
749 1533 894 1581 laiſſez,
920 1537 949 1573 il
961 1536 1039 1579 ſor-

124 1594 176 1633 tit
191 1592 241 1635 de
252 1592 291 1635 la
311 1592 424 1636 ville,
458 1591 498 1631 &
521 1589 601 1629 s’en
616 1585 687 1628 alla
704 1589 724 1625 à
740 1583 944 1632 Béthanie,
984 1590 1039 1624 où

109 1643 155 1685 il
171 1645 270 1697 paſſa
286 1646 319 1685 la
341 1642 437 1683 nuit.

193 1695 255 1736 Le
271 1692 403 1739 matin,
419 1701 577 1733 comme
594 1688 622 1728 il
641 1688 860 1731 retournoit
884 1692 903 1726 à
920 1692 954 1728 la
973 1692 1039 1727 vil-

114 1737 188 1784 le,
230 1741 259 1778 il
284 1748 352 1778 eut
376 1741 478 1776 faim.
591 1739 637 1773 Et
658 1741 794 1773 voiant
819 1749 871 1769 un
903 1745 1039 1780 figuier

128 1794 192 1834 ſur
205 1796 243 1835 le
260 1792 433 1839 chemin,
456 1790 484 1829 il
502 1793 582 1830 s’en
600 1791 809 1841 approcha.
860 1797 961 1828 Mais
980 1796 1039 1831 n’y

130 1844 233 1886 aiant
258 1842 398 1888 trouvé
423 1853 500 1896 que
529 1841 596 1882 des
620 1843 796 1888 feuilles,
835 1847 864 1880 il
889 1846 942 1880 lui
961 1843 1039 1877 dit;

131 1893 226 1940 Que
242 1894 374 1943 jamais
390 1903 432 1932 tu
451 1903 499 1929 ne
516 1902 654 1943 portes
678 1896 728 1929 de
753 1898 857 1930 fruit.
949 1894 995 1926 Et
1018 1892 1039 1927 à

127 1946 294 1990 l'inſtant
310 1947 347 1988 le
364 1947 512 1997 figuier
535 1946 668 1984 devint
691 1950 765 1997 ſec.
873 1946 950 1979 Les
973 1944 1039 1979 Di-

128 1997 266 2054 ſciples
284 2000 451 2042 étonnez
467 1999 517 2038 de
534 2010 579 2037 ce
600 2003 714 2047 qu’ils
741 2001 938 2036 voioient,
980 2005 1037 2048 di-

128 2065 236 2099 rent;
278 2054 494 2095 Comment
526 2063 573 2093 ce
595 2055 734 2102 figuier
757 2048 857 2089 eſt-il
882 2046 1039 2092 devenu

127 2106 192 2150 ſec
209 2117 260 2149 en
277 2114 341 2153 un
356 2104 513 2147 inſtant?
624 2109 746 2144 Alors
770 2102 917 2145 JESUS
951 2105 1039 2139 leur

1039 472 1076 498 12

1039 725 1079 754 13

1035 924 1086 967 14

1039 1022 1087 1068 15

1039 1280 1091 1325 16

1039 1542 1097 1578 17

1039 1694 1098 1726 18

1039 1748 1098 1778 19

1039 1955 1103 1999 20

1039 2118 1100 2159 21

989 2164 1044 2209 ré-
