1642 2346
518 412 588 456 90

834 391 1158 437 LETTRES

927 498 1104 528 CXXXI.

524 550 591 594 De
599 548 797 594 Madame
805 546 857 589 de
867 544 1041 588 Scuderi
1053 559 1103 586 au
1116 543 1267 589 Comte
1278 544 1330 588 de
1339 542 1472 600 Buffy.

762 621 792 655 A
812 618 924 658 Paris,
949 628 981 650 ce
998 626 1043 660 25.
1062 615 1139 650 Mai
1153 617 1237 658 1674.

523 666 598 767 E

598 666 705 699 NFIN
731 669 824 693 voici
839 666 880 692 ce
893 664 1075 693 Vendredi
1099 667 1210 691 arrivé
1226 666 1350 703 auquel
1369 666 1404 702 je
1418 668 1474 688 me

606 730 683 765 dois
694 729 831 764 donner
839 726 869 761 le
880 728 990 773 plaiſir
1001 727 1044 762 de
1052 737 1139 761 vous
1150 726 1353 770 entretenir,
1363 724 1473 761 Mon-

523 781 630 820 ſieur;
658 777 694 815 &
720 778 802 827 quoi
820 789 887 825 que
912 778 988 827 j'aie
1003 788 1049 812 un
1067 787 1134 821 peu
1153 777 1197 813 de
1213 779 1279 812 mal
1298 773 1316 813 à
1333 778 1364 812 la
1375 773 1473 816 tête,

523 833 666 883 j'eſpère
684 842 752 880 que
770 829 802 877 je
820 831 908 868 m’en
928 833 997 868 vais
1012 824 1131 879 guérir
1148 841 1190 864 en
1201 840 1290 865 vous
1308 830 1470 866 écrivant.

646 886 700 924 Au
711 887 797 923 reſte
806 883 999 931 Monſieur,
1010 892 1188 920 comment
1203 892 1291 918 vous
1308 890 1472 918 trouvez-

524 949 614 974 vous
632 938 677 972 de
694 932 862 973 l’abſence
877 933 921 970 de
934 947 1002 971 vos
1014 933 1122 971 amis?
1138 932 1189 969 La
1206 941 1398 979 campagne
1413 932 1475 968 eſt-

525 995 594 1025 elle
617 990 726 1031 belle,
750 988 784 1022 &
810 986 1050 1023 n’avez-vous
1073 984 1172 1031 point
1196 992 1327 1019 encore
1351 980 1475 1019 trouvé

524 1048 678 1091 quelque
696 1043 803 1077 heure
819 1049 909 1088 pour
929 1049 1015 1076 vous
1030 1050 1188 1092 ennuyer
1202 1035 1218 1076 à
1230 1030 1368 1091 Buffy?
1379 1039 1475 1077 Pour

525 1100 599 1129 moi
616 1099 650 1139 je
664 1104 751 1126 vous
767 1102 881 1127 avoue
894 1089 1120 1127 ſincérement
1144 1100 1210 1137 que
1235 1087 1301 1135 j'en
1320 1089 1352 1124 ai
1368 1101 1410 1125 eu
1429 1087 1473 1124 de

527 1145 800 1191 très-chagrines
807 1143 823 1197 à
838 1143 927 1196 Paris
943 1143 1065 1187 depuis
1080 1151 1182 1178 votre
1189 1136 1335 1192 départ;
1345 1142 1381 1180 &
1400 1139 1478 1179 c’eſt

529 1210 577 1231 un
599 1201 711 1243 grand
726 1197 830 1231 vuide
844 1207 912 1243 que
931 1197 962 1229 la
973 1195 1071 1242 place
1084 1193 1163 1230 d’un
1179 1195 1246 1230 ami
1258 1189 1420 1239 agréable
1438 1192 1475 1230 &

528 1251 642 1290 fidèle.
695 1252 763 1287 On
763 1252 812 1287 ne
823 1249 950 1288 ſauroit
963 1250 1104 1295 remplir
1122 1251 1219 1289 cela,
1239 1250 1322 1294 quoi
1338 1247 1449 1295 qu’on
1451 1253 1477 1296 y

529 1299 658 1348 mette;
676 1298 710 1324 &
728 1298 759 1333 je
769 1304 858 1339 vous
858 1293 974 1338 aſſure
985 1302 1053 1335 que
1062 1298 1155 1322 cette
1168 1293 1225 1320 vie
1246 1291 1477 1337 tumultueuſe

530 1355 570 1390 &
597 1347 774 1397 occupée,
800 1346 906 1397 qu’on
934 1341 1037 1386 mène
1068 1344 1088 1385 à
1128 1350 1239 1392 Paris,
1274 1343 1477 1395 n'empêche

530 1407 630 1453 point
650 1403 744 1451 qu’on
765 1414 809 1439 ne
832 1412 958 1439 trouve
976 1399 1047 1439 fort
1067 1395 1085 1437 à
1101 1401 1237 1446 redire,
1253 1395 1294 1437 *à
1313 1398 1480 1438 l’abſence

531 1462 615 1497 d’un
632 1460 698 1494 ami
715 1469 853 1497 comme
865 1468 966 1495 vous.
992 1456 1031 1507 Je
1048 1468 1135 1494 vous
1154 1457 1259 1501 défie,
1276 1455 1479 1495 Monſieur,

529 1516 576 1548 de
599 1523 656 1547 me
678 1509 855 1557 répondre
876 1505 1156 1557 quelque-choſe
1177 1508 1221 1545 de
1244 1509 1319 1554 plus
1344 1507 1478 1544 tendre.

528 1569 573 1606 Je
590 1566 665 1595 croi
677 1571 809 1594 encore
819 1563 940 1594 mieux
955 1560 1071 1604 parler
1086 1559 1119 1592 le
1129 1557 1273 1603 langage
1282 1554 1328 1591 de
1343 1551 1479 1593 l’amitié

530 1630 600 1662 que
614 1624 714 1650 vous.
738 1616 768 1663 Il
768 1616 799 1663 y
813 1623 859 1661 en
859 1623 890 1660 a
890 1623 942 1659 en
942 1608 1169 1659 récompenſe
1182 1609 1346 1658 pluſieurs
1365 1612 1479 1647 autres

530 1680 602 1708 que
630 1677 719 1693 vous
740 1666 858 1706 parlez
885 1663 920 1693 &
949 1669 1019 1707 que
1045 1665 1135 1692 vous
1160 1655 1336 1694 entendez
1360 1656 1479 1693 mieux

529 1740 601 1779 que
623 1723 704 1773 moi.

908 1792 1107 1833 CXXXII.

530 1837 799 1881 DeMadame
810 1833 861 1877 de
871 1831 1063 1888 Scudery
1073 1830 1281 1876 auComte
1293 1826 1481 1885 deBuffy.

738 1907 768 1941 A
784 1904 903 1944 Paris,
907 1910 940 1943 ce
950 1911 999 1945 24.
1012 1899 1187 1939 Novembre
1195 1901 1285 1948 1674.

531 1964 585 2061 J

585 1966 605 2005 E
629 1975 688 1992 me
707 1970 810 2004 porte
833 1967 880 1988 un
898 1967 968 2001 peu
985 1954 1122 2001 mieux,
1148 1952 1343 1993 Monſieur.
1397 1950 1483 1990 Cela

602 2019 684 2053 n’eſt
700 2026 762 2057 pas
780 2011 906 2051 d'aſſez
921 2010 1055 2059 grande
1070 2011 1288 2060 importance
1301 2022 1394 2060 pour
1409 2006 1484 2047 être

1415 2061 1484 2098 dit,

604 2130 617 2145 *
638 2128 695 2155 Ou:
716 2127 795 2159 qu’on
815 2133 849 2153 ne
862 2122 999 2161 s'inquiète
1011 2123 1065 2156 fort
1073 2123 1112 2158 de
1122 2136 1133 2144 -
1143 2136 1154 2143 -
1164 2137 1176 2141 -
