1939 2589
414 418 841 456 ARTICLE
920 421 951 456 X
993 424 1023 456 X
1066 421 1109 456 V.

273 536 385 575 D'une
405 532 529 576 trinité
546 547 704 575 reconnue
734 542 802 585 par
832 539 875 574 les
910 540 1058 576 Brames.
1105 539 1156 575 De
1187 540 1256 575 leur

577 605 756 654 prétendue
777 607 938 645 idolâtrie.

268 683 490 754 PERSONNE
502 727 545 749 ne
555 715 658 750 doute
671 714 888 762 aujourd'hui
903 728 968 762 que
981 717 1025 750 les
1035 716 1255 751 brachmanes

274 778 305 802 et
316 769 404 802 leurs
415 768 611 804 ſucceſſeurs
625 769 750 803 n’aient
764 767 914 814 toujours
930 780 1082 803 reconnu
1098 782 1147 802 un
1167 779 1255 803 DIEU

272 821 457 870 ſuprême,
483 824 657 864 créateur,
690 826 945 865 conſervateur,
985 826 1255 865 rémunérateur,

273 883 447 929 puniſſeur
456 894 486 919 et
501 885 784 920 miſéricordieux.
797 887 851 920 Ces
865 885 1022 926 idolâtres,
1039 887 1088 920 dit
1101 886 1133 920 le
1138 886 1256 931 jéſuite

273 940 409 974 Bouchet
424 938 473 982 (o)
498 937 713 985 reconnaiſſent
731 952 774 973 un
797 950 907 975 DIEU
930 939 1095 985 infiniment
1109 938 1255 984 parfait,

272 992 326 1039 qui
341 991 425 1038 exiſte
439 995 475 1028 de
487 1001 566 1029 toute
581 994 717 1034 éternité,
741 1001 769 1027 et
786 994 841 1041 qui
858 993 1004 1038 renferme
1023 1009 1057 1029 en
1066 996 1120 1042 ſoi
1133 997 1172 1030 les
1187 997 1258 1042 plus

273 1050 410 1084 excellens
433 1050 583 1086 attributs.
606 1051 764 1088 Enſuite,
791 1061 879 1095 pour
895 1062 1042 1095 prouver
1064 1052 1162 1097 qu'ils
1181 1052 1259 1085 ſont

272 1093 450 1142 idolâtres,
472 1103 498 1136 il
521 1103 572 1137 dit
595 1113 684 1150 que,
703 1111 797 1145 ſelon
818 1115 906 1144 eux,
927 1102 951 1135 il
968 1115 989 1147 y
1012 1116 1031 1142 a
1053 1123 1110 1145 une
1133 1102 1261 1148 diſtance

273 1160 379 1208 infinie
402 1168 485 1196 entre
507 1172 596 1196 DIEU
623 1168 652 1196 et
673 1167 737 1196 tous
757 1162 796 1197 les
816 1163 911 1201 êtres,
936 1169 963 1196 et
988 1162 1061 1209 qu'il
1086 1175 1105 1195 a
1127 1163 1190 1196 créé
1209 1164 1259 1196 des

262 1214 433 1263 ſubſtances
448 1216 682 1252 intermédiaires
695 1225 776 1252 entre
785 1218 831 1252 lui
843 1225 870 1252 et
882 1219 921 1252 les
930 1221 1065 1253 hommes.
1080 1220 1127 1252 Le
1137 1218 1259 1264 jéſuite

271 1277 406 1310 Bouchet
417 1274 497 1310 n'eſt
508 1277 546 1309 ni
560 1274 768 1320 conſéquent
783 1275 822 1308 ni
834 1277 928 1321 poli:
944 1277 970 1310 il
980 1284 1060 1310 veut
1077 1274 1258 1320 empêcher

272 1331 320 1365 les
343 1329 476 1364 brames
500 1329 640 1375 d'ériger
663 1330 721 1364 des
751 1330 890 1376 temples
916 1328 937 1364 à
967 1343 1020 1365 ces
1048 1330 1133 1365 êtres
1152 1332 1259 1365 ſubal-

273 1390 383 1415 ternes
398 1380 586 1428 ſupérieurs
606 1381 627 1417 à
641 1383 831 1425 l'homme,
848 1382 957 1417 tandis
976 1395 1042 1429 que
1058 1395 1111 1417 ces
1126 1383 1258 1417 brames

271 1438 507 1484 permettaient
528 1452 595 1474 aux
613 1438 753 1485 jéſuites
772 1442 813 1475 de
848 1440 936 1476 bâtir
960 1443 1017 1476 des
1049 1441 1215 1485 chapelles
1237 1440 1259 1474 à

271 1495 382 1539 Ignace
398 1504 429 1528 et
448 1493 468 1529 à
482 1495 625 1534 Xavier,
653 1496 694 1529 de
720 1496 829 1530 baiſer
852 1493 872 1528 à
891 1507 1025 1540 genoux
1045 1496 1076 1529 le
1091 1495 1258 1540 prétendu

275 1552 416 1585 cadavre
434 1552 474 1587 de
497 1553 636 1592 Xavier,
655 1553 697 1586 de
715 1553 906 1598 l'invoquer
926 1563 957 1587 et
977 1555 1103 1589 d'offrir
1120 1554 1160 1588 de
1174 1554 1259 1587 l'en-

274 1615 353 1638 cens
373 1603 394 1637 à
409 1604 456 1639 ſes
472 1617 509 1638 os
522 1605 728 1639 vermoulus.
741 1606 872 1644 Certes,
882 1601 908 1650 ſi
915 1607 983 1640 l'on
994 1607 1083 1640 avait
1093 1605 1261 1639 demandé

274 1661 361 1694 dans
375 1659 453 1695 Goa
470 1658 491 1694 à
509 1673 557 1694 un
575 1670 745 1705 voyageur
757 1660 909 1700 chinois,
940 1664 1020 1706 quel
1037 1664 1080 1698 eſt
1098 1664 1262 1697 l'idolâtre

273 1729 321 1750 ou
342 1718 384 1751 de
399 1729 431 1750 ce
445 1717 566 1763 jéſuite
582 1731 628 1752 ou
644 1718 685 1751 de
707 1730 743 1752 ce
758 1718 892 1768 brame,
912 1719 938 1752 il
958 1719 1066 1753 aurait
1082 1717 1258 1763 répondu,

275 1784 318 1806 en
332 1771 478 1818 jugeant
490 1775 583 1808 ſelon
597 1775 645 1808 les
658 1785 878 1818 apparences,
898 1776 970 1810 c'eſt
985 1789 1021 1810 ce
1032 1776 1166 1822 jéſuite,

324 1829 421 1863 Tout
449 1828 480 1861 le
504 1827 628 1861 monde
648 1827 808 1860 convient
835 1838 901 1874 que
924 1828 971 1861 les
990 1828 1121 1861 brames
1139 1838 1259 1860 recon-

274 1890 401 1916 nurent
416 1881 569 1928 toujours
588 1895 655 1917 une
669 1883 782 1929 eſpèce
799 1885 840 1918 de
855 1884 970 1919 trinité
995 1886 1071 1919 ſous
1084 1896 1131 1917 un
1151 1895 1259 1920 DIEU

276 1939 420 1985 unique.
434 1939 466 1973 II
483 1939 593 1985 paraît
616 1938 719 1985 qu'en
740 1952 777 1973 ce
794 1941 890 1986 point
909 1943 955 1976 les
974 1942 1184 1986 théologiens
1202 1942 1261 1975 des

279 1996 370 2030 côtes
381 1997 423 2030 de
437 1996 595 2031 Malabar
610 2005 643 2030 et
656 1997 697 2031 de
706 1997 938 2032 Coromandel
952 1997 1107 2033 diffèrent
1122 1997 1161 2030 de
1177 2008 1263 2030 ceux

317 2099 364 2131 (o)
381 2099 478 2124 Recueil
485 2101 552 2124 IXe,
567 2106 627 2132 page
638 2099 663 2123 6.
