1222 1927
448 349 630 403 ACTE
658 346 1055 409 CINQUIEME.

527 415 685 458 SCENE
706 412 972 456 PREMIERE.

425 490 618 529 IPHITAS,
638 488 849 520 EURIALE,
873 487 1097 525 AGLANTE,

578 523 766 550 CINTHIE,
783 522 938 547 MORON.

597 586 779 609 MORON
796 583 819 611 à
819 583 918 613 Iphitas.

429 613 477 656 O

477 623 534 656 ui,
552 626 673 656 Seigneur,
682 634 707 649 ce
722 623 781 649 n'eſt
799 624 865 649 point
877 622 987 652 raillerie,
996 622 1045 654 j'en
1053 620 1099 647 ſuis

425 668 451 684 ce
462 659 534 690 qu'on
547 657 635 688 appelle
649 657 769 687 diſgracié.
786 650 807 680 II
828 655 875 680 m'a
892 655 945 680 fallu
967 659 1022 679 tirer
1045 659 1095 677 mes

425 691 524 716 chauffes
536 698 563 714 au
578 690 628 718 plus
640 696 705 716 vîte,
721 689 746 712 &
757 686 841 717 jamais
849 694 908 710 vous
920 687 1002 710 n'avez
1012 686 1046 709 vû
1059 692 1092 709 un

427 727 601 746 emportement
621 720 671 746 plus
684 718 781 746 bruſque
800 724 843 746 que
856 716 878 741 le
891 717 945 744 ſien.

569 750 795 776 IPHITAS
815 755 829 779 à
845 753 949 780 Euriale.

427 788 482 814 Ah!
501 786 597 814 Prince,
612 789 656 814 que
668 782 691 814 je
703 782 784 808 devrai
795 781 824 807 de
837 787 905 813 grace
916 780 930 805 à
944 788 971 805 ce
985 777 1096 813 ſtratagê-

429 827 467 844 me
480 825 620 848 amoureux,
629 816 667 843 s'il
680 817 729 843 faut
743 816 798 848 qu'il
811 815 843 841 ait
858 814 940 841 trouvé
953 816 976 841 le
988 813 1059 840 ſecret
1071 813 1099 839 de

428 855 522 878 toucher
535 851 577 877 ſon
591 851 669 877 cœur!

636 882 882 910 EURIALE.

429 920 531 951 Quelque
544 919 626 945 choſe,
641 918 765 946 Seigneur,
781 923 825 946 que
841 913 892 939 l’on
904 915 990 940 vienne
1002 914 1030 939 de
1042 918 1100 937 vous

430 960 458 976 en
472 952 534 978 dire,
550 956 573 980 je
586 948 651 973 n'oſe
662 955 758 975 encore,
774 953 832 976 pour
851 949 914 974 moi,
932 953 971 969 me
989 948 1056 970 flater
1072 948 1101 970 de

430 993 456 1010 ce
468 985 532 1008 doux
546 980 634 1015 eſpoir;
652 984 708 1006 mais
716 979 794 1011 enfin,
811 980 826 1005 ſi
839 979 896 1005 n'eſt
909 986 949 1012 pas
969 980 975 1003 à
991 981 1039 1002 moi
1047 984 1100 1009 trop

430 1019 459 1039 de
470 1019 577 1039 témérité
587 1020 631 1043 que
643 1012 719 1038 d'oſer
730 1009 818 1044 aſpirer
830 1012 844 1035 à
854 1008 979 1035 l'honneur
990 1010 1019 1034 de
1034 1015 1101 1034 votre

428 1047 541 1076 alliance,
558 1045 574 1068 ſi
587 1053 625 1068 ma
637 1043 752 1077 perſonne
766 1044 792 1066 &
807 1050 858 1068 mes
868 1042 985 1076 Etats...

648 1082 880 1103 IPHITAS.

430 1109 528 1136 Prince,
542 1106 666 1130 n'entrons
678 1105 747 1135 point
756 1105 815 1126 dans
828 1110 866 1126 ces
876 1103 1042 1133 complimens.
1072 1100 1104 1132 Je

430 1147 511 1165 trouve
525 1147 553 1163 en
565 1146 622 1162 vous
634 1137 661 1162 de
669 1139 721 1169 quoi
737 1135 830 1167 remplir
841 1143 887 1160 tous
902 1136 933 1160 les
940 1134 1039 1159 ſouhaits
1046 1134 1102 1159 d'un

431 1179 501 1204 pere;
518 1174 557 1201 &,
574 1171 590 1195 ſi
601 1177 658 1196 vous
670 1178 727 1195 avez
740 1170 761 1194 le
773 1175 836 1194 coeur
848 1168 876 1192 de
898 1175 937 1193 ma
960 1165 1020 1197 fille,
1037 1168 1053 1191 il
1075 1173 1104 1191 ne

431 1213 489 1230 vous
502 1210 599 1235 manque
610 1208 669 1227 rien.

606 1313 839 1342 SCENE
879 1312 925 1342 II.

434 1386 485 1411 LA
505 1385 707 1411 PRINCESSE,
724 1373 921 1406 IPHITAS,
938 1379 1107 1408 EURIALE,

515 1416 702 1443 AGLANTE,
720 1415 872 1441 CINTHIE,
889 1413 1021 1438 MORON.

570 1478 633 1502 LA
664 1473 979 1503 PRINCESSE.

437 1511 478 1552 O
494 1523 559 1550 Ciel!
574 1523 621 1553 Que
635 1520 722 1552 vois-je
742 1518 789 1548 ici?

588 1553 813 1584 IPHITAS
824 1555 842 1586 à
851 1553 965 1581 Euriale.

441 1588 502 1618 Qui,
516 1587 638 1612 l'honneur
652 1587 680 1610 de
695 1591 762 1610 votre
780 1586 876 1609 alliance
895 1586 964 1608 m'eſt
982 1586 1035 1608 d'un
1054 1587 1111 1613 prix

441 1618 673 1651 très-conſidérable,
691 1622 716 1645 &
731 1619 752 1650 je
771 1616 868 1645 ſouſcris
887 1616 998 1643 aiſément
1017 1617 1046 1640 de
1063 1621 1114 1641 tous

443 1661 492 1682 mes
506 1654 614 1686 ſuffrages
625 1655 638 1679 à
655 1652 678 1679 la
691 1651 806 1682 demande
818 1657 862 1683 que
873 1656 932 1676 vous
944 1658 982 1675 me
992 1649 1069 1675 faites.
