2013 2949
239 613 287 646 La
305 598 459 642 nouvelle
489 610 589 641 d’une
611 589 768 626 rébellion
789 588 812 621 ſi
834 585 1008 622 criminelle
1031 590 1061 617 et
1083 581 1167 615 d’un

152 653 346 697 événement
366 651 391 692 ſi
410 653 564 687 tragique
576 639 664 668 cauſa
685 643 748 666 une
769 631 888 676 grande
911 630 1046 664 douleur
1067 626 1084 661 à
1100 626 1178 667 Ro-

155 712 236 751 me,
246 710 286 741 et
292 703 372 742 jetta
388 702 432 742 les
454 703 530 729 deux
546 700 644 725 partis
657 689 741 725 dans
742 688 786 722 un
805 689 902 715 grand
933 677 1092 711 embarras.
1134 672 1172 710 Il

153 748 307 787 s’agiſſoit
323 748 528 780 d’ordonner
549 734 615 767 des
624 728 870 771 informations,
892 732 924 760 et
949 725 989 760 de
1005 724 1103 768 punir
1126 722 1172 757 les

155 795 344 829 coupables;
375 797 412 819 ce
433 787 487 829 qui
507 782 656 818 ſouffroit
676 781 716 815 de
736 778 872 826 grandes
901 771 1088 816 difficultés,
1117 780 1174 817 par

154 839 371 885 l'oppoſition
385 846 445 880 que
460 831 511 870 les
511 830 657 869 Tribuns
670 821 702 876 y
702 823 921 875 apportoient.
969 824 1077 859 Avant
1092 826 1176 861 tout,

157 898 204 922 on
216 889 337 931 ſongea
348 881 367 917 à
388 881 503 919 choiſir
520 880 560 916 de
572 888 744 916 nouveaux
758 873 947 923 Magiſtrats.
1013 872 1061 909 Le
1083 870 1180 907 Sénat

161 935 284 978 obtint,
307 928 523 978 quoiqu’avec
537 927 651 975 peine,
672 935 736 971 que
756 936 793 961 ce
814 923 929 962 fuſſent
942 922 996 957 des
1011 916 1160 956 Conſuls.

205 1006 246 1031 M.
269 998 517 1028 CORNELIUS
540 995 707 1024 COSSUS.

210 1053 242 1076 L.
264 1033 426 1076 FURIUS
448 1041 746 1072 MEDULLINUS.

257 1107 304 1142 La
317 1093 478 1151 prémiére
495 1104 591 1139 choſe
606 1111 667 1147 que
688 1099 723 1135 fit
737 1100 766 1134 le
782 1096 878 1135 Sénat
893 1093 947 1131 dès
970 1095 1000 1129 Ie
1015 1101 1186 1127 commen-

165 1164 293 1194 cement
309 1162 349 1192 de
373 1157 522 1199 l’année,
542 1154 592 1188 fut
616 1150 820 1187 d’ordonner
842 1157 900 1191 par
922 1157 967 1180 un
982 1143 1104 1178 Decret
1123 1151 1185 1184 que

167 1211 212 1243 les
232 1206 376 1241 Tribuns
389 1206 576 1237 mettroient
596 1210 638 1234 en
658 1193 864 1233 délibération
888 1192 1005 1227 devant
1019 1192 1049 1226 le
1065 1189 1187 1235 Peuple

163 1262 300 1295 l'affaire
315 1256 370 1286 des
384 1250 612 1283 informations
633 1247 831 1278 concernant
843 1240 873 1274 le
888 1243 1029 1273 meurtre
1047 1235 1188 1269 commis

167 1312 211 1335 en
225 1305 256 1334 la
269 1304 431 1346 perſonne
453 1298 493 1332 de
511 1294 709 1334 Poſtumius,
731 1297 764 1323 et
785 1300 848 1334 que
868 1289 898 1324 le
916 1284 1036 1332 Peuple
1057 1282 1189 1328 charge-

168 1354 236 1384 roit
248 1354 289 1382 de
304 1355 386 1381 cette
405 1343 612 1380 commiſſion
629 1337 683 1386 qui
701 1340 725 1375 il
739 1338 783 1373 lui
797 1335 934 1383 plairoit.
1002 1333 1095 1370 Cette
1109 1342 1189 1366 con-

169 1401 257 1433 duite
274 1398 354 1430 étoit
367 1395 436 1429 fort
456 1395 530 1437 ſage
545 1391 584 1423 de
606 1389 641 1422 la
651 1394 723 1433 part
743 1387 786 1422 du
802 1384 916 1425 Sénat,
939 1382 994 1427 qui
1012 1378 1190 1422 cherchoit,

172 1456 215 1478 en
229 1446 341 1477 faiſant
354 1445 506 1475 honneur
519 1448 558 1471 au
573 1434 710 1482 Peuple,
731 1432 750 1468 à
772 1432 803 1468 ſe
826 1428 999 1476 décharger
1022 1421 1115 1472 d’une
1122 1419 1193 1467 af-

172 1496 253 1525 faire
268 1492 396 1524 odieuſe
411 1498 454 1520 en
468 1483 685 1527 elle-même,
709 1487 739 1515 et
753 1479 821 1515 fort
834 1475 982 1514 délicate:
1005 1474 1084 1509 mais
1099 1473 1121 1507 il
1136 1471 1196 1513 n'y

173 1541 278 1572 réuſſit
289 1548 358 1585 pas.
404 1536 451 1567 Le
464 1535 583 1577 Peuple
597 1537 740 1575 renvoya
755 1527 789 1568 la
796 1522 1032 1567 connoiſſance
1053 1520 1094 1554 de
1113 1512 1197 1553 cette

176 1588 289 1619 affaire
301 1594 361 1618 aux
375 1586 459 1621 deux
471 1582 619 1614 Conſuls.
665 1577 708 1611 Ils
723 1572 754 1610 la
761 1569 976 1608 terminérent
990 1580 1068 1603 avec
1080 1568 1111 1601 le
1125 1566 1199 1610 plus

176 1635 218 1666 de
235 1626 381 1662 douceur
394 1635 427 1659 et
443 1630 485 1659 de
505 1625 711 1658 modération
728 1620 813 1662 qu’il
834 1617 913 1651 étoit
931 1614 1085 1660 poſſible,
1108 1623 1150 1645 en
1165 1612 1200 1644 ſe

180 1678 370 1709 contentant
389 1675 430 1701 de
451 1674 639 1701 condanner
657 1675 699 1695 au
717 1664 860 1705 ſupplice
878 1671 925 1691 un
953 1659 1034 1700 petit
1060 1655 1201 1690 nombre

180 1731 237 1755 des
250 1727 322 1764 plus
337 1716 527 1760 coupables,
549 1716 604 1756 qui
625 1710 734 1745 même
755 1711 784 1742 le
807 1703 994 1752 prévinrent
1015 1715 1056 1738 en
1071 1702 1102 1736 ſe
1118 1701 1200 1736 don-

180 1785 260 1801 nant
274 1773 303 1798 la
316 1770 415 1795 mort.
459 1763 501 1793 Ils
515 1768 557 1792 ne
571 1761 688 1802 purent
699 1751 891 1789 néanmoins
913 1751 1008 1786 venir
1021 1748 1039 1784 à
1061 1747 1139 1783 bout
1162 1747 1202 1781 de

184 1821 353 1850 contenter
373 1811 402 1846 le
422 1810 560 1856 Peuple,
590 1806 646 1852 qui
667 1804 699 1840 ſe
727 1799 883 1849 plaignoit
906 1800 1029 1845 qu’une
1047 1794 1110 1833 Loi
1130 1803 1202 1830 tou-

183 1870 281 1898 chant
310 1865 341 1895 la
366 1859 516 1906 punition
545 1857 599 1894 des
627 1850 788 1892 Plébéïens
815 1848 894 1887 étoit
923 1844 1073 1886 exécutée
1100 1845 1153 1882 ſur
1172 1846 1204 1881 le

184 1917 322 1957 champ,
343 1910 485 1955 pendant
496 1908 603 1954 qu’on
615 1901 721 1941 faiſoit
734 1900 853 1938 traîner
867 1911 908 1935 en
922 1896 1084 1944 longueur
1095 1892 1206 1940 depuis

186 1971 254 2000 tant
270 1961 426 1999 d'années
442 1958 537 1994 celles
551 1955 607 2003 qui
621 1952 826 2001 regardoient
839 1952 886 1988 ſes
902 1947 1039 1987 intérêts.

277 2014 306 2051 Il
318 2010 439 2053 ſemble
451 2014 531 2040 que,
554 2010 632 2042 dans
644 2003 674 2038 la
685 1995 898 2037 conjoncture
911 1984 1076 2034 préſente,
1095 1984 1127 2018 le
1140 1991 1213 2027 par-

189 2068 262 2098 tage
276 2062 331 2099 des
342 2072 439 2096 terres
457 2055 498 2084 de
508 2052 611 2084 Voles
629 2048 727 2082 ſeroit
746 2054 834 2078 venu
854 2042 921 2076 fort
943 2038 961 2073 à
980 2046 1105 2083 propos
1127 2046 1195 2081 pour

187 2110 324 2151 adoucir
337 2107 385 2148 les
398 2103 525 2137 eſprits,
546 2104 577 2124 et
596 2096 756 2128 diminuer
777 2092 807 2119 le
830 2087 909 2119 déſir
927 2085 967 2118 de
979 2088 1010 2116 la
1023 2081 1085 2114 Loi
1100 2077 1211 2124 Agrai-

171 2162 249 2206 re,
270 2157 326 2199 qui
338 2154 428 2192 alloit
442 2150 460 2194 à
475 2145 654 2181 dépouiller
666 2143 709 2181 les
723 2138 893 2178 Patriciens
912 2134 965 2171 des
982 2133 1082 2168 terres
1099 2132 1210 2167 appar-

186 2217 338 2241 tenantes
357 2221 395 2239 au
414 2197 542 2245 public,
563 2192 664 2235 qu’ils
681 2189 811 2229 avoient
833 2182 1035 2223 injuſtement
1053 2168 1213 2214 uſurpées.

195 2251 289 2291 Mais,
298 2252 321 2285 il
336 2251 418 2284 n’en
429 2246 479 2273 fut
499 2244 593 2282 point
606 2239 664 2270 fait
678 2235 835 2268 mention.
881 2229 930 2264 Ce
945 2229 998 2273 qui
1022 2228 1130 2261 donna
1150 2222 1214 2258 lieu

197 2300 238 2337 au
250 2296 372 2332 Peuple
383 2296 430 2332 de
441 2294 472 2331 ſe
487 2290 631 2329 plaindre
653 2292 716 2324 que
730 2283 760 2314 la
775 2276 927 2314 Nobleſſe
941 2287 984 2309 ne
998 2265 1216 2318 s’opiniâtroit

198 2349 256 2384 pas
269 2342 449 2370 ſeulement
471 2340 490 2366 à
504 2339 640 2374 retenir,
660 2346 774 2373 contre
796 2332 886 2361 toute
905 2323 1030 2371 juſtice,
1051 2322 1097 2354 les
1117 2325 1215 2353 terres

200 2387 368 2430 publiques
379 2386 502 2420 qu’elle
514 2385 603 2422 avoit
617 2380 785 2415 envahies;
806 2375 886 2403 mais
899 2365 1018 2411 qu’elle
1032 2358 1219 2409 empêchoit

203 2444 325 2478 encore
336 2433 364 2459 la
380 2430 578 2459 diſtribution
598 2429 638 2468 de
662 2435 755 2464 celles
775 2424 882 2461 qu’on
904 2413 1014 2448 venoit
1029 2411 1068 2446 de
1082 2409 1221 2455 prendre

202 2491 255 2530 ſur
270 2484 314 2529 les
339 2477 502 2509 ennemis,
522 2475 681 2512 leſquelles
695 2464 935 2502 deviendroient
950 2457 1071 2494 bientôt
1095 2456 1169 2493 auſſi
1192 2457 1219 2491 la

207 2538 304 2583 proie
317 2534 399 2576 d’un
412 2525 490 2565 petit
504 2520 643 2549 nombre
658 2520 698 2547 de
712 2524 790 2557 gens
807 2512 911 2546 avides
929 2515 959 2542 et
971 2501 1155 2543 inſatiables.

1215 585 1269 614 An.
1289 584 1324 614 R.

1178 625 1242 663 241.
1272 626 1325 655 Av.

1178 667 1242 706 J.C.
1258 673 1325 704 411.

1230 984 1282 1012 An.
1299 979 1333 1009 R.

1195 1027 1257 1058 342.
1284 1021 1335 1047 Av.

1199 1069 1210 1089 J.
1230 1064 1336 1089 C.410.

1253 1979 1365 2018 Brouil-

1215 2037 1301 2069 leries
1313 2033 1367 2063 do-

1222 2075 1316 2106 meſti-

1224 2120 1301 2149 ques.
