1512 2223
527 386 584 424 30

732 374 1143 417 REMARQUES

534 460 575 487 ge
593 451 649 485 des
668 450 788 486 Poëtes
807 453 855 485 eſt
876 453 1008 487 devenu
1021 452 1045 486 ſi
1063 452 1215 498 général,
1240 455 1360 499 qu'en-.

533 492 581 530 fin
599 495 774 530 l’omiſſion
789 497 831 528 de
848 497 887 528 l’s
901 506 964 528 aux
981 498 1158 539 prémiéres
1175 497 1351 542 perſonnes

534 537 595 568 des
617 534 736 568 verbes
761 537 817 577 qui
840 537 983 573 finiſſent
1002 547 1059 579 par
1082 548 1146 572 une
1163 539 1350 579 conſonne,

535 587 580 610 ou
602 586 661 618 par
686 585 779 611 toute
803 587 894 613 autre
916 580 1053 622 voyelle
1068 591 1131 628 que
1147 582 1185 616 l’e
1198 585 1309 624 muët,
1334 592 1352 614 a

534 618 589 652 été
606 618 763 659 regardée
780 628 912 653 comme
928 629 992 653 une
1008 620 1207 664 négligence
1224 623 1304 656 dans
1319 625 1350 658 la

533 658 648 699 proſe,
674 660 704 690 &
726 668 856 692 comme
878 670 942 694 une
965 662 1094 696 licence
1112 664 1191 697 dans
1213 666 1245 698 le
1263 674 1349 699 vers.

532 695 662 736 Racine
674 701 749 732 n’en
764 700 892 734 fournit
908 710 971 743 que
988 702 1075 734 deux
1090 704 1279 747 exemples;
1295 714 1350 738 ce-

532 742 580 776 lui
604 742 658 783 qui
680 751 698 774 a
721 743 833 776 donné
854 745 922 778 lieu
946 744 964 776 à
987 753 1076 779 cette
1091 747 1293 788 Remarque;
1318 749 1348 781 &

534 788 650 821 l’autre
667 788 745 821 dans
759 788 911 828 Bajazet,
935 787 977 822 II.
1001 799 1032 833 3.
1058 794 1097 832 8,
1122 791 1165 825 où
1187 793 1211 827 il
1228 793 1291 827 fait
1305 794 1346 827 ri-

533 833 630 862 mer,
662 822 707 866 Je
725 833 801 857 vous
818 835 854 857 en
877 827 1002 867 averti,
1033 835 1117 862 avec
1131 833 1242 871 prenez
1262 836 1348 864 votre

531 874 626 905 parti.

823 905 849 939 I.
872 915 905 948 5.
931 915 991 949 25,
1015 912 1066 943 26.

532 983 599 1013 Elle
613 983 676 1013 voit
693 980 805 1020 diſſiper
822 984 848 1014 ſa
859 982 985 1020 jeuneſſe
1001 992 1036 1015 en
1054 990 1181 1024 regrets,

529 1026 608 1055 Mon
621 1032 723 1055 amour
738 1033 773 1054 en
789 1025 902 1064 fumée,
925 1027 952 1057 &
968 1027 1017 1059 ſon
1032 1029 1102 1063 bien
1117 1036 1152 1059 en
1167 1029 1282 1068 procès.

570 1095 711 1130 Voyons
724 1094 747 1128 ſi
761 1094 893 1145 Diſſiper
907 1103 990 1140 peut
1011 1097 1198 1134 également
1218 1109 1342 1135 conve-

529 1136 580 1169 nir
595 1136 614 1167 à
626 1126 676 1169 ſes
689 1135 768 1169 trois
790 1136 986 1172 ſubſtantifs.
1031 1135 1144 1184 Qu’un
1158 1141 1239 1174 Pére
1265 1143 1344 1184 diſſi-

524 1186 562 1218 pe
576 1190 611 1212 en
633 1181 733 1222 procès
748 1184 774 1214 le
789 1184 853 1218 bien
874 1184 916 1217 de
933 1184 965 1219 ſa
982 1185 1072 1227 fille,
1097 1185 1168 1218 cela
1189 1186 1237 1220 eſt
1251 1189 1343 1222 clair.

527 1225 617 1259 Mais
639 1224 717 1265 qu’il
738 1223 835 1269 diſſipe
848 1225 889 1273 ſa
904 1225 1033 1270 jeuneſſe
1046 1238 1083 1262 en
1097 1232 1230 1273 regrets,
1250 1229 1283 1270 je
1300 1240 1344 1265 ne

526 1269 668 1303 l’entens
692 1277 748 1310 pas
772 1268 795 1304 ſi
823 1269 913 1304 bien.
955 1269 986 1306 A
1007 1270 1129 1315 l’égard
1154 1271 1199 1307 du
1215 1274 1340 1309 troiſié-

528 1319 610 1350 me,
635 1320 719 1354 pour
739 1312 851 1348 mieux
876 1314 1094 1358 comprendre
1116 1317 1195 1360 qu’il
1217 1328 1259 1352 ne
1281 1318 1344 1354 fait

527 1361 584 1394 pas
606 1362 650 1388 un
672 1353 744 1389 ſens
767 1354 872 1398 juſte,
896 1356 1089 1393 mettons-le
1112 1359 1131 1392 à
1152 1359 1184 1394 la
1197 1359 1343 1396 ſeconde

526 1393 706 1435 perſonne,
730 1396 761 1429 &
775 1394 955 1439 ſuppoſons
968 1407 1030 1441 que
1047 1398 1198 1434 Léandre
1218 1400 1286 1436 diſe
1301 1410 1342 1435 au

526 1425 608 1466 Pére
630 1432 827 1472 d’Iſabelle,
863 1434 950 1466 Vous
969 1436 1084 1476 diſſipez
1107 1444 1172 1467 mon
1192 1444 1293 1468 amour
1306 1445 1342 1468 en

525 1478 631 1515 fumée.
675 1480 880 1514 Aſſurément
902 1476 1052 1514 Léandre
1076 1482 1217 1517 n’auroit
1231 1492 1276 1525 pu
1292 1491 1339 1515 te-

526 1516 575 1549 nir
590 1526 629 1549 ce
646 1518 796 1557 langage.
840 1519 903 1552 Car
916 1520 940 1552 il
955 1521 1039 1554 aime
1057 1520 1226 1561 toujours,
1250 1523 1281 1555 &
1296 1532 1340 1555 un

525 1565 616 1590 autre
633 1559 686 1590 n’a
699 1568 756 1596 pas
770 1559 802 1590 le
818 1560 961 1600 pouvoir
977 1562 1019 1595 de
1032 1562 1116 1596 faire
1139 1572 1202 1605 que
1223 1563 1282 1597 ſon
1305 1575 1337 1597 a-

523 1596 625 1641 mour
625 1595 665 1641 ſe
665 1595 772 1641 diſſipe
785 1597 833 1641 en
833 1597 990 1641 fumée.
990 1599 1036 1641 Je
1044 1602 1115 1641 me
1115 1602 1195 1641 ſers
1195 1603 1247 1641 du
1258 1618 1337 1641 neu-

523 1641 715 1681 tre-paſſif,
725 1641 759 1684 ſe
785 1641 901 1686 diſſipe,
923 1641 1025 1691 parce
1044 1641 1148 1689 qu'en
1148 1641 1247 1690 effet
1258 1641 1337 1687 l'ac-

525 1687 571 1722 tif
580 1684 661 1721 n’eſt
676 1695 735 1728 pas
749 1686 794 1719 ici
811 1696 849 1720 ce
866 1688 945 1730 qu’il
961 1689 1044 1724 faut.

840 1739 882 1775 II.
907 1751 938 1784 3.
967 1750 1015 1783 15.

518 1812 687 1845 Comment!
709 1810 775 1844 c’eſt
792 1819 830 1841 un
847 1812 959 1851 exploit
974 1822 1031 1851 que
1046 1823 1091 1845 ma
1105 1814 1163 1846 fille
1178 1816 1264 1848 liſoit.

556 1871 644 1908 Pour
672 1870 703 1905 la
733 1868 847 1915 rime,
871 1871 896 1907 il
924 1871 996 1909 faut
1018 1881 1206 1917 prononcer
1227 1876 1328 1918 liſoit,

1194 1924 1325 1955 comme
