1999 2835
710 458 824 500 Céſar,
846 469 928 494 vous
949 457 1190 504 m’entendez;
1198 465 1226 496 &
1240 464 1348 498 Rome
1366 472 1441 509 trop
1463 465 1482 498 à
1502 465 1655 511 plaindre

708 509 833 543 N'aura
854 510 939 542 donc
962 509 1138 545 déformais
1159 522 1223 553 que
1244 515 1290 545 ſes
1316 516 1426 549 enfans
1452 519 1470 547 à
1492 522 1666 554 craindre?

1037 587 1386 624 CLODIUS.

706 650 811 682 Rome
832 652 875 683 eſt
896 663 938 685 en
957 653 1079 693 fûreté,
1104 654 1201 688 Céſar
1221 655 1264 689 eſt
1283 652 1426 703 citoyen.

707 700 779 744 Qui
799 709 880 745 peut
900 705 993 737 avoir
1013 706 1056 737 ici
1076 707 1201 739 d'autre
1223 707 1290 742 avis
1311 719 1375 752 que
1396 710 1427 742 le
1449 711 1540 747 ſien?

1031 778 1381 823 CICERON.

704 841 868 887 Clodius,
881 841 1042 877 achevez:
1060 854 1122 887 que
1145 852 1236 878 votre
1255 847 1346 881 main
1364 849 1503 884 ſeconde

702 898 747 928 La
767 897 856 929 main
877 895 937 940 qui
956 897 1093 945 prépara
1111 900 1141 932 la
1161 901 1255 935 ruine
1276 904 1322 935 du
1340 906 1473 938 monde.

705 956 787 989 C'en
810 953 852 988 eſt
872 962 961 999 trop,
978 955 1012 1000 je
1033 968 1074 990 ne
1095 955 1165 993 vois
1188 959 1267 992 dans
1289 968 1338 992 ces
1360 970 1448 993 murs
1470 970 1619 998 menacés

703 1010 780 1057 Que
803 1012 953 1058 conjurés
974 1016 1089 1051 ardens
1113 1018 1140 1051 &
1162 1018 1308 1065 citoyens
1330 1019 1446 1065 glacés.

701 1076 844 1111 Catilina
865 1076 1054 1123 l'emporte,
1081 1080 1108 1112 &
1126 1080 1155 1112 ſa
1177 1080 1353 1126 tranquille
1375 1092 1450 1127 rage

699 1131 779 1166 Sans
801 1133 923 1167 crainte
946 1136 972 1167 &
993 1136 1063 1168 ſans
1085 1136 1208 1180 danger
1226 1137 1348 1172 médite
1367 1137 1398 1171 le
1420 1149 1565 1183 carnage.

698 1189 756 1223 Au
775 1201 855 1234 rang
875 1193 929 1225 des
957 1193 1131 1229 Sénateurs
1154 1196 1179 1228 il
1199 1196 1242 1231 eſt
1262 1208 1378 1231 encore
1399 1197 1523 1240 admis;

698 1249 728 1282 Il
748 1249 885 1294 proſcrit
904 1254 935 1285 le
958 1252 1074 1293 Sénat,
1094 1255 1120 1286 &
1136 1254 1184 1298 s'y
1198 1256 1255 1288 fait
1276 1257 1332 1288 des
1348 1255 1449 1296 amis;

697 1305 728 1337 Il
748 1305 869 1337 dévore
891 1305 946 1337 des
966 1316 1055 1351 yeux
1072 1308 1103 1339 le
1124 1309 1204 1341 fruit
1222 1309 1264 1340 de
1286 1318 1360 1342 tous
1380 1312 1426 1343 ſes
1448 1312 1589 1345 crimes:

697 1359 726 1391 Il
745 1370 827 1393 vous
851 1360 937 1397 voit,
962 1371 1044 1394 vous
1063 1371 1212 1401 menace,
1237 1364 1263 1394 &
1283 1375 1417 1408 marque
1438 1367 1484 1398 ſes
1505 1365 1670 1404 viƈtimes:

698 1412 739 1444 Et
758 1411 885 1454 lorſque
900 1414 935 1453 je
958 1415 1126 1457 m’oppoſe
1148 1415 1167 1447 à
1189 1424 1258 1449 tant
1278 1417 1511 1458 d'énormités,

698 1470 796 1505 Céſar
816 1472 905 1517 parle
926 1473 966 1504 de
988 1474 1090 1507 droits
1110 1476 1137 1507 &
1157 1478 1197 1509 de
1218 1472 1416 1518 formalités;

697 1530 836 1566 Clodius
857 1532 876 1563 à
896 1543 962 1565 mes
981 1545 1069 1580 yeux
1089 1536 1129 1568 de
1150 1535 1208 1568 ſon
1228 1537 1313 1580 parti
1333 1537 1363 1569 ſe
1385 1547 1503 1581 range;

696 1587 820 1621 Aucun
843 1599 884 1620 ne
905 1599 982 1624 veut
1003 1590 1132 1626 ſouffrir
1154 1605 1218 1638 que
1241 1594 1384 1627 Cicéron
1409 1596 1439 1628 le
1464 1605 1579 1640 venge.

695 1643 850 1678 Nonnius
872 1656 931 1689 par
951 1657 986 1679 ce
1006 1649 1115 1682 traître
1135 1648 1178 1682 eſt
1199 1658 1285 1683 mort
1305 1650 1455 1688 aſſaſſiné.

694 1708 941 1742 N'avons-nous
960 1718 1018 1753 pas
1040 1709 1092 1743 ſur
1111 1711 1159 1745 lui
1179 1711 1209 1745 le
1229 1710 1316 1745 droit
1337 1714 1420 1759 qu'il
1444 1714 1514 1749 s'eſt
1534 1712 1673 1764 donné?

692 1765 735 1796 Le
757 1764 871 1799 devoir
892 1767 921 1798 le
941 1766 1015 1810 plus
1037 1767 1139 1808 ſaint,
1157 1769 1188 1801 la
1208 1768 1255 1804 loi
1275 1769 1307 1802 la
1326 1772 1401 1814 plus
1422 1771 1557 1812 chérie,

691 1822 743 1855 Eſt
767 1821 931 1856 d'oublier
951 1822 983 1856 la
1003 1823 1051 1855 loi
1069 1835 1156 1869 pour
1173 1824 1287 1859 ſauver
1307 1825 1337 1859 la
1357 1827 1473 1871 patrie.

692 1876 776 1910 Mais
799 1886 878 1910 vous
904 1878 981 1913 n'en
1003 1890 1079 1913 avez
1099 1880 1184 1923 plus.
