1291 1963
188 325 242 376 DE
242 325 441 376 MESSIEURS
441 325 508 376 DE
508 325 569 376 L'
569 325 765 376 ACADEMIE.

805 343 857 379 311

138 390 249 433 qu’elle
268 392 325 427 ſoit
352 393 545 435 changeante
564 399 597 426 &
611 396 769 440 periſſable
786 411 855 440 par-

137 439 207 473 tout
231 440 361 476 ailleurs.
413 447 517 476 Nôtre
544 450 685 495 Cenſeur
711 454 756 476 dit
776 451 854 489 qu’il

135 493 232 535 paroît
241 507 301 530 aux
317 496 458 531 victoires
478 501 516 530 de
525 501 633 538 Ceſar,
643 516 704 541 que
720 509 754 529 ce
764 508 853 529 Con-

135 554 281 598 querant
273 553 306 600 ne
318 550 478 586 s’amuſoit
492 564 546 600 pas
557 557 574 586 à
592 558 699 587 enfiler
716 558 768 587 des
783 570 852 600 per-

133 583 193 631 les,
210 605 337 626 comme
346 603 391 628 dit
401 604 430 626 le
450 607 574 640 Peuple.
624 611 703 661 Mais
724 621 785 638 que
803 611 852 658 ré-

132 655 252 697 pondra
260 658 351 692 nôtre
364 658 519 705 Critique,
528 661 549 692 ſi
556 664 585 704 je
593 661 637 690 lui
646 662 699 691 fais
709 664 781 692 voir
789 674 851 704 que

132 699 235 745 Ceſar,
246 706 323 751 qu’il
332 717 350 739 a
360 709 454 739 choiſi
470 725 553 753 pour
575 714 728 757 exemple,
743 716 850 757 aimoit

129 744 172 782 les
189 756 287 797 perles
297 769 372 787 avec
389 770 456 785 tant
465 767 504 785 de
513 766 632 802 paſſion
651 778 712 798 que
720 779 802 798 pour
813 769 849 815 ê-

130 808 180 846 tre
180 809 294 846 maître
311 813 350 846 de
359 815 390 846 la
405 816 478 846 côte
487 825 532 846 où
551 831 595 845 on
612 819 655 846 les
671 821 807 858 péchoit,
826 820 849 846 il

128 869 258 917 entrepit
268 868 299 905 la
307 868 464 916 conquête
473 869 512 905 de
522 872 742 918 l’Angleterre.
752 875 848 906 Nous

110 920 243 957 voïons
243 920 322 957 auſſi
339 920 416 971 qu’il
436 933 477 956 ne
505 923 686 967 dédaignoit
702 927 721 940 *
731 934 783 970 pas
807 927 848 958 de

129 958 249 1002 donner
256 970 389 1003 ſouvent
398 973 534 1014 quelque
551 980 629 1015 reſte
639 978 678 1002 de
694 979 752 1003 ſon
762 980 846 1004 loiſir

128 1008 146 1044 à
156 1019 289 1053 meſurer
299 1019 367 1053 leur
378 1026 529 1064 groſſeur,
539 1030 557 1053 à
565 1030 608 1053 les
618 1042 783 1065 comparer
789 1043 846 1076 en-

127 1062 260 1115 ſemble,
278 1077 311 1106 &
328 1078 347 1105 à
358 1080 402 1106 les
421 1080 505 1118 peſer
525 1084 564 1106 de
580 1083 611 1123 ſa
628 1095 743 1117 propre
759 1086 847 1131 main

129 1133 171 1158 au
184 1139 312 1178 rapport
323 1131 363 1168 de
363 1132 518 1168 Suetone.
567 1136 598 1166 A
617 1136 647 1166 la
663 1137 760 1167 verité
778 1147 845 1166 un

128 1183 224 1223 grand
237 1187 383 1222 Homme
391 1183 483 1218 ſeroit
492 1185 650 1220 blâmable
665 1190 712 1219 s’il
727 1190 845 1219 imitoit

125 1220 155 1260 la
172 1222 291 1266 brutale
299 1236 442 1266 violence
450 1236 625 1266 d’Antoine
634 1240 664 1265 le
671 1240 843 1273 Triumvir,

125 1283 178 1327 qui
187 1287 265 1328 mit
251 1285 266 1338 à
276 1281 344 1337 prix
353 1289 383 1323 la
401 1289 464 1323 tête
481 1290 560 1323 d'un
573 1294 741 1328 Senateur,
750 1304 843 1335 parce

124 1336 200 1382 qu’il
206 1338 249 1376 lui
257 1343 342 1377 avoit
348 1340 447 1376 refuſé
455 1352 518 1376 une
526 1344 606 1377 belle
614 1347 717 1389 Opale
727 1357 788 1388 que
798 1348 843 1376 les

125 1383 296 1435 Lapidaires
307 1394 483 1428 eſtimoient
492 1397 582 1440 vingt
590 1399 679 1429 mille
690 1400 842 1429 ſeſterces.

124 1433 149 1472 Il
159 1437 295 1477 n’auroit
302 1455 414 1488 gueres
422 1449 528 1475 moins
538 1456 578 1478 de
587 1458 674 1488 tort,
684 1452 733 1480 s’il
740 1452 841 1479 faiſoit

749 1529 842 1554 com-

158 1597 180 1611 *
199 1599 380 1647 Britanniam
409 1622 514 1650 petiiſſe
531 1618 583 1646 ſpe
599 1598 838 1659 Margaritarum,

123 1654 242 1686 quarum
257 1656 471 1691 amplitudinem
483 1663 669 1693 conferentem
683 1670 770 1698 manu
780 1664 845 1693 ſuâ

142 1704 178 1727 ex
179 1695 257 1744 egiſſe
261 1697 381 1748 pondus
