1899 2569
487 420 626 480 1770.

653 309 707 347 60

763 314 989 347 LETTRES
1023 313 1082 347 DE
1113 312 1163 345 M.
1194 313 1254 345 DE
1284 308 1553 343 VOLTAIRE

653 383 714 418 fait
728 382 786 417 des
799 392 873 416 vers
886 375 957 430 plus
975 377 1053 423 jolis
1067 390 1135 424 que
1150 385 1226 412 tous
1236 388 1322 411 ceux
1335 374 1441 422 qu’on
1450 377 1499 411 lui
1508 375 1654 416 adreſſe;

655 449 688 473 et
716 438 813 486 ſoyez
843 436 1057 472 très-certain
1087 446 1172 480 que,
1199 434 1275 475 ſans
1300 431 1427 481 Paliſſot
1449 434 1502 468 fils
1529 433 1570 466 de
1595 432 1658 468 ſon

654 502 793 534 avocat,
810 501 842 527 et
856 493 929 528 ſans
943 492 1061 527 Fréron
1079 491 1140 536 qui
1158 502 1178 524 a
1196 489 1247 525 été
1263 490 1324 525 ſon
1341 488 1457 533 régent
1471 500 1515 521 au
1529 484 1659 531 collége

654 551 713 586 des
727 549 881 596 jéſuites,
903 550 927 584 il
952 547 1062 583 aurait
1083 546 1135 581 été
1161 555 1259 582 votre
1281 544 1439 585 meilleur
1456 543 1552 594 ami:
1567 543 1605 590 je
1626 543 1660 577 le

653 603 742 638 crois
762 602 1002 638 actuellement
1022 600 1245 636 entièrement
1265 610 1407 634 revenu.

703 668 797 702 Pour
812 665 902 702 moi,
914 661 951 708 je
964 662 1014 696 lui
1028 661 1060 696 ai
1074 658 1328 710 preſqu’autant
1340 658 1565 705 d'obligation
1579 654 1661 706 qu’à

655 724 754 748 vous.
773 712 871 747 Vous
888 712 981 745 ſavez
996 711 1080 744 dans
1093 714 1174 756 quel
1189 705 1319 742 affreux
1334 707 1491 742 déſordre
1507 707 1552 742 eſt
1572 714 1661 739 tom-

654 776 718 812 bée
739 784 824 810 cette
846 771 1080 810 malheureuſe
1100 772 1205 819 petite
1220 769 1427 818 république
1447 771 1488 804 de
1506 768 1660 805 Genève.

656 835 720 868 Les
730 830 896 866 ſociniens
906 830 982 864 ſont
995 829 1148 865 devenus
1157 822 1310 878 aſſaſſins.
1324 827 1385 872 J'ai
1399 825 1551 860 recueilli
1566 825 1664 869 vingt

655 886 802 924 familles
823 884 1052 932 émigrantes;
1069 881 1129 927 j'ai
1151 881 1254 917 établi
1272 892 1341 916 une
1365 878 1602 915 manufacture
1620 879 1664 912 de

657 950 810 977 montres
827 941 905 975 chez
930 942 1021 984 moi;
1045 942 1098 976 M.
1118 942 1151 975 le
1174 940 1241 975 duc
1258 939 1300 973 de
1317 937 1457 985 Choiſeul
1474 938 1522 970 les
1541 947 1560 968 a
1581 945 1664 980 pro-

657 995 783 1043 tégées,
809 1005 840 1031 et
860 1008 880 1031 a
899 995 960 1030 fait
973 994 1106 1030 acheter
1121 1005 1184 1040 par
1205 993 1237 1027 le
1253 992 1307 1027 roi
1326 992 1493 1038 pluſieurs
1509 991 1552 1025 de
1573 991 1666 1024 leurs

660 1059 837 1096 ouvrages.
866 1042 967 1084 Vous
988 1059 1096 1094 voyez
1118 1047 1143 1080 ſi
1163 1046 1227 1081 ſon
1242 1057 1328 1080 nom
1348 1057 1393 1079 ne
1416 1045 1492 1078 doit
1513 1055 1574 1089 pas
1595 1040 1666 1076 être

657 1111 754 1156 placé
770 1111 789 1146 à
805 1111 880 1147 côté
897 1111 945 1145 du
962 1112 1061 1145 vôtre
1079 1109 1164 1144 dans
1180 1106 1319 1143 l'affaire
1337 1108 1379 1142 de
1397 1108 1430 1142 la
1445 1105 1563 1141 flatue.

709 1165 742 1200 À
758 1163 884 1209 l'égard
898 1165 941 1198 de
953 1162 1118 1201 Frédéric,
1128 1160 1166 1206 je
1180 1161 1270 1195 crois
1285 1156 1373 1207 qu'il
1389 1159 1436 1195 eſt
1448 1159 1667 1194 abſolument

659 1221 836 1258 néceſſaire
848 1221 932 1267 qu'il
942 1221 1005 1256 ſoit
1014 1221 1055 1254 de
1064 1219 1096 1252 la
1105 1217 1225 1265 partie.
1237 1219 1268 1251 Il
1281 1229 1337 1258 me
1346 1216 1438 1257 doit,
1455 1217 1529 1250 ſans
1544 1213 1666 1253 doute,

658 1289 730 1311 une
756 1274 952 1322 réparation
976 1285 1115 1315 comme
1139 1273 1213 1314 roi,
1240 1283 1379 1307 comme
1401 1269 1607 1322 philoſophe
1635 1277 1669 1303 et

659 1344 798 1368 comme
822 1331 973 1373 homme
973 1330 1030 1371 de
1050 1329 1185 1372 lettres;
1210 1341 1248 1363 ce
1268 1326 1350 1363 n’eſt
1372 1339 1434 1375 pas
1451 1324 1474 1363 à
1497 1326 1570 1361 moi
1594 1323 1615 1359 à
1633 1325 1669 1361 la

660 1385 711 1419 lui
720 1382 923 1430 demander,
935 1381 1010 1416 c’eſt
1025 1380 1040 1420 à
1045 1392 1134 1416 vous
1143 1379 1164 1414 à
1171 1380 1389 1414 conſommer
1397 1384 1495 1411 votre
1504 1387 1668 1420 ouvrage.

661 1451 691 1485 Il
711 1448 784 1482 faut
806 1445 890 1492 qu'il
913 1445 1041 1484 donne.
1066 1444 1132 1479 Par
1156 1442 1308 1492 quelque
1332 1440 1465 1477 ſomme
1481 1439 1566 1487 qu'il
1588 1451 1671 1474 con-

662 1502 792 1540 tribue,
814 1499 975 1535 madame
998 1497 1099 1534 Denis
1123 1498 1280 1532 donnera
1306 1492 1465 1540 toujours
1484 1493 1582 1540 vingt
1603 1493 1671 1528 fois

662 1559 741 1605 plus
765 1570 832 1605 que
858 1559 928 1600 lui;
962 1559 1024 1593 elle
1047 1557 1093 1592 eſt
1113 1569 1157 1591 au
1183 1566 1268 1600 rang
1293 1554 1352 1590 des
1374 1553 1501 1590 artiſtes
1521 1553 1570 1588 les
1591 1552 1670 1598 plus

663 1613 828 1654 célèbres,
845 1624 888 1647 en
905 1612 965 1646 fait
980 1613 1024 1646 de
1042 1612 1180 1646 croches
1197 1619 1230 1644 et
1245 1611 1289 1645 de
1307 1608 1454 1644 doubles
1470 1606 1620 1643 croches.

714 1673 766 1707 M.
785 1669 881 1716 Pigal
897 1667 964 1704 m'a
981 1668 1042 1702 fait
1057 1666 1192 1713 parlant
1213 1674 1246 1699 et
1261 1662 1420 1711 penſant,
1440 1661 1596 1708 quoique
1614 1672 1672 1696 ma

664 1726 826 1765 vieilleſſe
842 1734 875 1759 et
888 1735 960 1759 mes
977 1723 1141 1759 maladies
1154 1721 1292 1757 m'aient
1312 1732 1361 1754 un
1380 1730 1450 1764 peu
1468 1718 1566 1765 privé
1580 1720 1622 1754 de
1637 1719 1672 1754 la

664 1783 786 1829 penſée
806 1791 838 1816 et
854 1781 897 1815 de
910 1782 943 1815 la
956 1780 1099 1825 parole;
1117 1779 1143 1813 il
1154 1778 1221 1813 m’a
1238 1778 1300 1813 fait
1313 1775 1425 1813 même
1436 1775 1583 1811 ſourire:
1596 1776 1672 1812 c’eſt

666 1845 928 1882 apparemment
943 1835 985 1870 de
1003 1843 1113 1870 toutes
1129 1836 1176 1869 les
1193 1833 1319 1869 ſottiſes
1340 1845 1409 1879 que
1425 1831 1496 1867 l’on
1513 1831 1575 1866 fait
1593 1840 1671 1867 tous

665 1895 714 1929 les
734 1891 834 1938 jours
865 1892 949 1925 dans
981 1898 1078 1925 votre
1103 1889 1230 1935 grande
1260 1890 1361 1930 ville,
1390 1897 1422 1923 et
1455 1887 1586 1922 ſurtout
1613 1886 1672 1921 des

666 1947 834 1984 miennes.
853 1949 882 1983 Il
901 1948 946 1982 eſt
969 1946 1051 1981 auſſi
1075 1946 1149 1980 bon
1176 1941 1320 1979 homme
1351 1952 1420 1988 que
1444 1940 1519 1976 bon
1541 1940 1668 1982 artiſte,

667 2009 743 2045 c’eſt
758 2011 789 2043 la
807 2005 984 2054 ſimplicité
1001 2007 1048 2039 du
1069 2004 1141 2038 vrai
1163 2002 1271 2050 génie.

718 2060 785 2106 J'ai
815 2073 864 2096 vu
888 2063 921 2095 le
949 2060 1054 2094 deſſin
1082 2058 1129 2097 du
1158 2055 1329 2093 mauſolée
1357 2057 1405 2091 du
1430 2053 1601 2090 maréchal
1626 2054 1670 2089 de

668 2120 773 2161 Saxe;
793 2130 830 2152 ce
847 2117 917 2152 ſera
938 2116 971 2150 le
989 2114 1068 2161 plus
1084 2114 1193 2160 grand
1213 2123 1244 2149 et
1259 2114 1292 2148 le
1308 2113 1387 2159 plus
1402 2111 1491 2155 beau
1507 2122 1671 2153 morceau
