1576 2101
598 286 726 314 „parce
740 278 807 315 qu’il
824 280 881 316 agit
894 284 994 308 contre
1007 278 1032 308 la
1040 279 1097 309 Loi
1106 279 1141 308 de
1148 277 1241 311 Dieu,
1251 277 1390 314 quoiqu’il

600 319 752 356 „n’agiſſe
767 328 815 356 pas
830 326 929 349 contre
946 320 971 348 ſa
991 321 1197 350 conſcience”.

640 354 808 382 Pouvoit-il
825 354 998 381 condamner
1020 352 1081 388 plus
1102 351 1264 381 clairement
1287 350 1329 380 les
1345 351 1393 390 Jé-

601 398 683 426 ſuites
698 397 725 426 &
744 402 808 426 tous
826 397 866 426 les
891 397 1045 431 Caſuiſtes,
1066 395 1136 424 dont
1160 396 1186 424 la
1206 396 1331 425 doctrine
1352 395 1391 425 eſt

601 433 707 462 fondée
723 433 763 462 ſur
778 440 811 461 ce
827 430 954 468 principe
969 439 1031 460 tout
1044 424 1165 469 oppoſe:
1188 432 1251 471 Que
1261 431 1334 459 celui
1342 429 1391 466 qui

603 473 671 501 dans
687 474 736 501 des
753 474 883 503 matières
899 472 1057 503 conteſtées
1073 479 1152 501 entre
1167 472 1215 502 des
1237 472 1396 504 Docteurs,

602 514 654 543 fuit
670 521 725 541 une
741 512 861 548 opinion
878 512 961 542 fauſſe
976 514 1001 543 &
1016 513 1155 541 contraire
1171 509 1186 540 à
1205 509 1231 540 la
1244 512 1300 540 Loi
1319 510 1393 540 éter-

601 550 694 584 nelle,
718 559 754 579 ne
770 548 859 586 pèche
872 549 981 589 point,
989 557 1100 586 pourvu
1116 548 1183 585 qu’il
1199 549 1223 578 la
1237 550 1314 578 croie
1327 556 1393 585 pro-

600 593 714 621 bable?
746 591 794 621 On
812 598 849 619 ne
863 596 932 626 peut
948 590 1024 619 donc
1043 590 1114 619 aſſez
1137 589 1256 620 admirer
1270 590 1308 618 ici
1327 589 1393 619 l’au-

603 628 672 656 dace
688 629 737 656 des
751 627 889 666 Jéſuites,
907 626 955 663 qui
971 633 1044 655 nous
1060 630 1226 662 rapportent
1239 623 1394 662 tranquile-

602 674 683 697 ment
699 667 766 696 dans
781 666 855 697 deux
870 666 959 696 Ecrits
975 667 1023 703 qui
1045 672 1096 695 ont
1115 673 1184 703 paru
1206 665 1304 702 depuis
1318 673 1392 701 peu,

603 716 637 736 ce
658 706 750 736 même
770 705 877 743 paſſage
899 706 935 735 de
957 707 997 737 St.
1018 705 1161 738 Thomas,
1186 713 1298 734 comme
1315 704 1358 733 s’il
1373 712 1394 741 y

604 748 683 775 avoit
698 746 829 782 enſeigné
845 746 911 783 qu’il
929 746 968 775 eſt
981 748 1083 783 permis
1100 746 1135 774 de
1150 745 1238 775 ſuivre
1254 753 1311 774 une
1328 745 1394 781 opi-

605 784 674 813 nion
697 783 850 820 probable,
873 783 967 812 même
991 782 1098 816 fauſſe,
1118 790 1230 818 pourvu
1251 781 1338 817 qu’on
1354 790 1392 811 ne

603 823 692 851 doute
708 823 790 860 point
805 822 841 851 de
855 822 882 850 ſa
897 821 1077 858 probabilité.
1117 821 1201 852 Cette
1217 820 1321 858 inſigne
1332 819 1392 856 ſup-

602 859 742 896 poſition,
761 867 800 889 ou
817 860 836 888 ſi
851 860 910 889 l’on
931 866 999 888 veut
1014 865 1088 888 cette
1103 858 1197 888 bévue
1218 858 1347 892 terrible,
1364 859 1392 888 ſe

604 907 707 929 trouve
723 896 791 929 dans
809 909 847 929 un
861 900 969 928 Libelle
984 900 1107 930 inſolent
1124 898 1205 934 qu’ils
1222 904 1275 928 ont
1296 898 1394 935 publié

602 938 665 967 ſous
683 937 708 965 le
726 944 794 966 nom
816 937 882 966 d’un
902 937 997 966 Prêtre
1014 937 1049 966 de
1071 934 1213 971 Guyenne
1235 941 1336 965 contre
1350 935 1392 964 les

602 976 741 1006 Cenſures
757 974 806 1004 des
820 976 881 1013 plus
895 973 1010 1005 illuſtres
1032 975 1164 1012 Evêques
1182 974 1217 1003 de
1233 980 1309 1004 cette
1325 974 1394 1003 Pro-

602 1015 699 1049 vince,
715 1015 741 1043 &
756 1014 824 1045 dans
841 1023 879 1043 un
896 1014 973 1044 Ecrit
990 1012 1027 1044 du
1038 1015 1067 1044 P.
1080 1009 1187 1044 Ferrier
1200 1010 1329 1050 imprimé
1343 1019 1394 1049 par

603 1054 686 1084 ordre
705 1055 741 1083 de
758 1053 808 1084 ſon
822 1050 989 1083 Provincial.

642 1086 682 1109 St.
698 1085 828 1108 Thomas
842 1085 941 1114 répète
955 1085 1017 1114 plus
1030 1080 1081 1106 bas
1097 1080 1124 1106 la
1139 1066 1234 1107 même
1247 1073 1353 1110 choſe,
1366 1079 1395 1106 &

605 1131 674 1161 dans
688 1132 737 1159 des
751 1135 854 1160 termes
868 1129 916 1166 qui
937 1138 973 1158 ne
997 1130 1059 1158 ſont
1077 1137 1126 1165 pas
1146 1130 1242 1159 moins
1262 1129 1396 1167 ſignifica-

605 1172 670 1203 tifs,
680 1171 708 1199 ni
724 1169 815 1198 moins
832 1168 959 1205 oppoſez
977 1167 992 1197 à
1007 1170 1034 1199 la
1049 1169 1174 1198 doctrine
1184 1175 1336 1197 commune
1347 1168 1396 1197 des

603 1210 748 1239 Caſuiſtes.
789 1207 860 1245 „Je
875 1204 1012 1241 réponds,
1024 1200 1112 1245 dit-il,
1123 1203 1169 1244 (1)
1185 1208 1273 1243 qu’on
1282 1214 1312 1234 ne
1325 1212 1396 1242 peut

600 1246 757 1277 „décider
771 1244 891 1281 qu’avec
906 1239 974 1283 péril
991 1250 1071 1274 toute
1082 1243 1213 1281 queſtion
1230 1244 1268 1273 où
1286 1244 1305 1271 il
1315 1244 1396 1280 s’agit

600 1285 679 1316 „de
696 1286 786 1321 péché
802 1283 902 1313 mortel
914 1293 945 1316 ,A
959 1292 1055 1311 MOINS
1071 1285 1165 1321 QU’ON
1183 1291 1223 1311 NE
1236 1291 1307 1312 VOIE
1322 1284 1395 1312 BIEN

600 1326 841 1351 „CLAIREMENT
857 1327 895 1347 LA
909 1320 1053 1351 VE'RITE’,
1068 1327 1151 1355 parce
1159 1326 1214 1354 que
1228 1314 1336 1347 l’erreur
1351 1318 1397 1354 qui

601 1368 714 1390 „nous
728 1358 866 1396 empêche
879 1361 914 1389 de
923 1360 1014 1388 croire
1028 1358 1119 1395 péché
1127 1358 1271 1388 mortel
1237 1356 1265 1396 ce
1279 1359 1327 1395 qui
1335 1355 1395 1389 l’eſt

602 1400 884 1433 „effectivement,
913 1400 1076 1434 n’exempte
1092 1407 1142 1435 pas
1164 1398 1341 1429 abſolument
1359 1397 1395 1426 de

603 1442 708 1469 „tout
717 1439 743 1466 le
752 1437 862 1474 péché,
873 1436 999 1473 quoique
1006 1436 1151 1472 peut-être
1161 1435 1215 1466 elle
1224 1445 1260 1465 en
1269 1436 1395 1465 diminue

604 1475 671 1507 „la
682 1475 819 1512 grièveté.
837 1478 874 1506 Et
886 1477 999 1505 l’erreur
1006 1477 1053 1511 qui
1060 1472 1111 1504 fait
1118 1469 1209 1505 croire
1216 1473 1307 1512 péché
1318 1482 1396 1503 mor-

603 1517 682 1553 „tel
682 1517 727 1553 ce
727 1517 777 1553 qui
789 1525 825 1546 ne
841 1515 901 1546 l’eſt
919 1524 979 1553 pas,
991 1515 1039 1544 fait
1047 1517 1135 1553 qu’on
1149 1513 1243 1553 pèche
1252 1515 1397 1545 mortelle-

602 1560 764 1586 „ment,en
772 1562 805 1582 ce
814 1563 869 1591 que
877 1553 935 1582 l’on
944 1554 1000 1590 agit
1009 1561 1108 1583 contre
1116 1554 1141 1582 ſa
1149 1553 1396 1583 conſcience:mais

601 1595 667 1627 „le
676 1594 869 1627 péril,comme
876 1594 904 1627 je
913 1595 957 1624 l’ai
965 1594 1057 1627 dit,eſt
1063 1592 1295 1627 principalement
1301 1592 1397 1627 quand

1315 1629 1393 1663 „on

637 1680 680 1711 (1)
699 1679 782 1712 Quodl.
800 1688 823 1707 9.
837 1684 884 1703 art.
897 1685 933 1705 15.
