1972 2820
587 537 688 571 1731.

726 431 777 468 92

883 433 1129 468 RECUEIL
1168 435 1263 476 DES
1300 436 1557 472 LETTRES

874 585 1247 627 LETTRE
1311 589 1561 631 XLVI.

820 711 853 744 A
903 713 957 745 M.
1009 713 1100 746 DE
1152 711 1613 755 CIDEVILLE.

1060 837 1084 862 A
1097 838 1180 867 Paris,
1198 844 1211 862 2
1225 840 1367 866 novembre.

708 906 801 982 M

801 909 863 983 ON
887 939 965 974 cher
988 946 1019 971 et
1047 938 1194 974 aimable
1232 955 1409 991 Cideville,
1429 961 1532 987 ayant
1554 965 1618 1003 ouï
1641 964 1714 1005 dire

709 1007 778 1042 que
795 1010 883 1032 vous
900 998 981 1034 étiez
998 997 1019 1033 à
1037 999 1070 1034 la
1087 1010 1300 1054 campagne,
1312 1001 1373 1046 j'ai
1395 1006 1520 1039 adreſſé
1544 1013 1564 1040 à
1587 1020 1638 1042 M.
1669 1022 1712 1044 de

705 1057 855 1090 Formont
864 1066 912 1089 un
926 1064 1054 1104 paquet
1070 1056 1112 1093 de
1129 1057 1267 1096 Charles
1283 1060 1378 1101 XII,
1394 1060 1479 1094 dans
1494 1066 1608 1107 lequel
1621 1081 1710 1100 vous

706 1123 880 1152 trouverez
904 1129 952 1152 un
973 1117 1179 1165 exemplaire
1198 1131 1290 1166 pour
1308 1118 1340 1154 le
1357 1120 1505 1169 premier
1521 1124 1708 1169 préſident,

705 1184 737 1210 et
754 1189 804 1212 un
817 1186 911 1214 autre
924 1193 1016 1226 pour
1029 1182 1082 1217 M.
1100 1179 1282 1229 Desforges.
1302 1183 1334 1217 Il
1349 1196 1374 1234 y
1390 1197 1411 1219 a
1427 1181 1510 1219 auſſi
1528 1196 1597 1219 une
1614 1185 1708 1224 lettre

700 1239 793 1275 pour
809 1232 840 1266 le
856 1233 1004 1277 premier
1020 1233 1203 1278 préſident,
1221 1246 1289 1280 que
1306 1238 1443 1280 j'aurais
1457 1241 1537 1274 bien
1555 1240 1707 1275 ſouhaité

702 1281 788 1330 qu'il
810 1284 874 1329 pût
892 1287 1046 1321 recevoir
1069 1287 1111 1321 de
1132 1298 1228 1321 votre
1251 1311 1369 1338 main,
1393 1306 1430 1321 ut
1451 1302 1583 1333 gratior
1593 1300 1707 1335 foret;

700 1340 786 1377 mais
804 1355 940 1379 comme
955 1344 986 1378 le
1004 1351 1114 1390 temps
1131 1356 1187 1379 me
1203 1349 1307 1392 preſſe
1324 1363 1371 1382 un
1388 1364 1479 1403 peu,
1497 1356 1557 1394 j'ai
1571 1358 1706 1396 ſupplié

697 1401 751 1435 M.
769 1400 810 1436 de
825 1402 976 1438 Formont
988 1400 1030 1435 de
1045 1401 1127 1437 faire
1141 1407 1263 1438 rendre
1279 1408 1313 1437 la
1329 1410 1424 1439 lettre
1440 1422 1473 1438 et
1484 1416 1516 1440 le
1535 1414 1639 1445 livre,
1659 1427 1704 1440 en

699 1470 754 1492 cas
772 1473 840 1505 que
863 1474 952 1497 vous
976 1464 1091 1499 fuſſiez
1121 1464 1261 1504 abſent,
1281 1477 1337 1499 me
1356 1467 1488 1500 flattant
1514 1470 1595 1501 bien
1621 1471 1704 1515 qu’à

698 1522 794 1546 votre
810 1522 925 1548 retour
934 1527 1022 1548 vous
1030 1516 1216 1559 réparerez,
1229 1523 1292 1559 par
1300 1522 1468 1560 quelques
1482 1528 1580 1561 petits
1592 1537 1699 1560 mots,

697 1572 735 1592 ce
754 1561 897 1607 qu'aura
915 1563 1026 1607 perdu
1047 1577 1106 1599 ma
1129 1566 1224 1600 lettre
1243 1567 1264 1600 à
1280 1569 1384 1601 n’être
1406 1574 1508 1613 point
1527 1580 1700 1613 préſentée

696 1630 761 1664 par
775 1632 873 1654 vous.
887 1621 929 1666 Je
944 1634 1031 1656 vous
1049 1622 1174 1669 prierai
1199 1624 1280 1660 bien
1298 1625 1381 1661 auſſi
1404 1627 1446 1661 de
1472 1632 1654 1663 continuer
1678 1637 1699 1665 à

696 1684 816 1711 mettre
837 1678 889 1712 M.
916 1676 1087 1724 Desforges
1105 1679 1190 1712 dans
1214 1691 1286 1714 mes
1307 1681 1455 1717 intérêts,
1477 1685 1508 1717 Il
1523 1686 1596 1717 faut
1614 1694 1699 1731 qu’il

698 1729 860 1764 continue
879 1731 925 1766 ſes
939 1731 1028 1766 bons
1042 1731 1222 1778 procédés;
1235 1745 1266 1768 et
1276 1738 1434 1782 puiſqu’à
1449 1752 1544 1771 votre
1555 1750 1699 1793 conſidé-

694 1786 807 1823 ration
820 1788 846 1822 il
861 1801 871 1822 a
890 1787 1033 1824 favoriſé
1043 1788 1264 1838 l'impreſſion
1275 1795 1323 1826 du
1333 1798 1386 1827 roi
1396 1797 1438 1826 de
1448 1799 1575 1835 Suède,
1588 1806 1612 1828 il
1623 1807 1696 1830 faut

695 1841 780 1891 qu’il
805 1855 848 1877 en
873 1840 1036 1889 empêche
1062 1846 1096 1880 la
1121 1850 1364 1894 contrefaçon,
1392 1854 1466 1882 ſans
1490 1862 1574 1896 quoi
1598 1863 1625 1907 il
1650 1874 1694 1910 ne

694 1900 852 1938 m'’aurait
868 1902 977 1937 rendu
996 1903 1104 1950 qu’un
1120 1904 1243 1941 ſervice
1260 1907 1442 1955 onéreux;
1462 1926 1494 1941 et
1508 1927 1647 1962 comme
1660 1922 1692 1965 le

693 1959 789 1996 voilà
804 1960 888 2001 mis,
901 1961 995 2007 grâce
1011 1957 1031 1994 à
1048 1975 1110 1998 vos
1125 1962 1267 2006 bontés,
1280 1980 1323 1998 en
1338 1974 1425 2001 train
1439 1973 1481 2002 de
1497 1975 1691 2011 m'obliger,

691 2017 719 2050 il
741 2030 784 2053 ne
812 2018 863 2052 lui
888 2030 932 2053 en
959 2016 1097 2055 coûtera
1112 2029 1174 2065 pas
1192 2020 1381 2068 davantage
1402 2029 1597 2057 d'interdire
1618 2038 1693 2060 tout

693 2074 776 2109 d'un
793 2083 902 2121 temps
917 2075 1053 2112 l'entrée
1072 2077 1114 2113 de
1132 2075 1285 2114 l'édition
1300 2083 1342 2114 de
1357 2096 1428 2114 mes
1446 2094 1601 2118 œuvres,
1612 2085 1689 2119 faite

692 2122 714 2157 à
729 2127 945 2164 Amſterdam
963 2132 1042 2163 chez
1059 2134 1157 2165 Ledet
1171 2139 1203 2165 et
1221 2151 1418 2184 Desbordes,
1432 2138 1582 2177 laquelle
1603 2153 1689 2170 cou-

691 2186 799 2229 perait
816 2188 848 2219 la
866 2199 965 2233 gorge
984 2186 1005 2221 à
1020 2198 1117 2223 notre
1134 2193 1236 2236 petite
1253 2193 1383 2230 édition
1407 2192 1448 2224 de
1470 2193 1594 2227 Rouen
1620 2210 1689 2242 que

687 2236 724 2284 je
741 2248 877 2285 compte
892 2243 990 2276 venir
1007 2245 1152 2278 achever
1166 2256 1218 2279 cet
1232 2257 1361 2293 hiver.
