1721 2627
446 391 548 450 174

544 495 626 537 Pour
666 499 690 528 le
717 501 841 530 Duché
852 501 889 532 de
916 497 1040 534 Siléſie.

533 571 569 608 1)
596 570 681 601 Pour
705 568 788 602 aider
811 570 828 603 à
849 572 962 605 rebâtir
987 573 1028 603 les
1050 573 1137 610 villes

457 613 494 648 de
521 616 660 653 Wohlau,
688 616 725 647 de
744 616 907 656 Grünberg,
936 618 972 649 de
994 617 1138 654 Schwibus

455 664 491 697 &
507 667 545 698 de
562 664 774 709 Greiffenberg,
801 666 855 708 qui
873 678 930 701 ont
946 667 1073 702 ſouffert
1087 681 1140 713 par

453 717 507 751 des
525 718 680 753 incendies
780 739 796 746 -
934 739 949 745 -
1084 738 1100 744 -
1215 719 1347 765 55,000
1359 720 1439 760 Écus

528 765 569 806 2)
594 766 680 799 Pour
694 764 819 801 rétablir
830 769 867 799 de
876 766 991 800 vieilles
1006 768 1136 803 maiſons

454 821 526 853 dans
546 824 587 853 les
603 824 689 855 villes
827 842 842 847 -
979 842 995 849 -
1094 843 1109 850 -
1212 834 1344 865 21,000
1395 847 1413 855 -

530 869 569 908 3)
594 870 680 900 Pour
706 869 781 901 faire
809 868 861 901 des
891 868 965 904 toîts
992 870 1032 904 de
1058 871 1132 905 tuile

451 920 524 953 dans
548 923 590 952 les
612 922 697 954 villes
797 937 818 946 -
914 942 930 949 -
1029 942 1043 948 -
1092 941 1109 949 -
1212 933 1343 969 10,000
1396 948 1410 956 -

526 971 563 1008 4)
589 970 675 1000 Pour
689 967 771 1001 bâtir
783 969 934 1013 quelques
950 970 1079 1004 maiſons
1093 973 1131 1005 de

450 1024 548 1059 Curés
564 1025 581 1056 à
598 1027 719 1068 Glogau
832 1044 848 1051 -
972 1046 989 1053 -
1101 1035 1137 1063 -
1232 1031 1342 1071 6,000
1391 1051 1410 1062 -

528 1069 563 1110 5)
591 1069 675 1101 Pour
690 1068 768 1102 bâtir
784 1069 836 1102 des
851 1068 981 1104 maiſons
992 1070 1029 1104 de
1042 1072 1134 1116 petits

448 1120 554 1153 incoles
565 1119 583 1152 à
602 1122 628 1153 la
645 1129 809 1164 campagne
944 1137 970 1156 -
1101 1142 1123 1158 -
1209 1132 1342 1163 20,000
1392 1149 1409 1170 -

524 1172 559 1216 6)
586 1175 666 1207 Pour
680 1173 716 1207 de
725 1175 884 1209 nouvelles
891 1172 1047 1220 fabriques
1058 1176 1131 1209 dans

446 1231 475 1263 la
494 1231 589 1264 Haute
600 1232 697 1274 Siléſie
811 1244 841 1265 -
936 1252 954 1258 -
1053 1253 1069 1260 -
1211 1243 1343 1279 17,000
1393 1257 1409 1266 -

523 1284 558 1322 7)
583 1283 669 1314 Pour
693 1282 981 1327 dédommagemens
1007 1284 1129 1318 d’inon-

445 1330 567 1361 dations
658 1348 693 1364 -
783 1350 798 1356 -
896 1348 912 1355 -
999 1351 1014 1357 -
1088 1352 1104 1358 -
1208 1341 1341 1377 72,000
1391 1355 1406 1363 -

522 1385 559 1423 8)
586 1384 632 1415 En
649 1384 749 1418 divers
773 1383 893 1429 préſens
916 1386 934 1418 à
958 1386 1010 1418 des
1037 1386 1129 1431 parti-

445 1427 555 1474 culiers
647 1452 675 1464 -
795 1450 823 1468 -
955 1454 980 1473 -
1068 1457 1093 1475 -
1233 1438 1341 1477 6,000
1391 1459 1407 1465 -

1170 1517 1329 1551 207,000
1339 1504 1430 1543 Écus.

527 1592 615 1631 C'eſt
631 1592 722 1629 donc
735 1605 802 1629 une
818 1592 948 1631 ſomme
965 1593 1067 1632 claire
1086 1598 1120 1632 &
1139 1607 1233 1632 nette
1251 1598 1292 1633 de
1306 1596 1430 1638 Deux

441 1640 616 1683 millions
632 1644 790 1691 ſoixante
814 1647 847 1683 &
871 1649 931 1683 dix
956 1650 1043 1684 mille
1064 1642 1158 1684 Écus
1182 1660 1247 1697 que
1268 1648 1298 1686 le
1314 1651 1382 1689 Roi
1407 1665 1427 1689 a

440 1700 618 1739 diſtribuée
634 1703 668 1737 &
686 1700 857 1749 répandue
875 1715 915 1737 en
932 1702 1180 1753 gratifications
1197 1705 1278 1744 dans
1296 1707 1345 1745 ſes
1362 1710 1429 1746 dif-

438 1759 585 1797 férentes
597 1759 778 1797 Provinces
792 1760 940 1801 pendant
957 1761 987 1798 le
1005 1775 1104 1800 cours
1115 1765 1156 1801 de
1166 1763 1293 1801 l'année
1309 1767 1428 1801 1783.

1320 1801 1428 1823 84

440 1817 518 1855 Une
542 1817 672 1855 ſomme
695 1817 831 1867 pareille
857 1819 902 1857 eſt
922 1820 994 1870 déjà
1020 1823 1186 1860 accordée
1213 1826 1246 1861 &
1271 1824 1431 1874 déſignée

438 1882 527 1917 pour
540 1873 670 1913 l'année
692 1881 795 1908 1784.

749 1912 809 1938 85

522 1934 570 1964 Le
585 1941 671 1967 tems
687 1942 728 1966 ne
747 1935 811 1968 m'a
834 1944 892 1980 pas
909 1934 1032 1981 permis
1048 1934 1200 1985 jusqu'ici
1217 1938 1261 1974 de
1277 1939 1362 1974 faire
1380 1936 1427 1976 les

437 1986 636 2023 recherches
656 1987 852 2026 néceſſaires
875 1998 956 2034 dans
979 1998 1027 2036 les
1044 1998 1208 2033 Archives
1231 2003 1317 2038 pour
1341 1994 1429 2032 véri-

436 2041 500 2080 fier
525 2053 565 2076 ce
586 2052 653 2089 que
674 2042 835 2091 j'avançai
853 2056 935 2089 dans
951 2069 1007 2091 ma
1033 2052 1243 2092 diſſertation
1261 2049 1429 2088 académi-

438 2112 503 2150 que
527 2099 569 2136 de
586 2099 712 2138 l'année
730 2103 848 2150 paſſée,
879 2117 943 2154 que
960 2109 992 2146 le
1007 2105 1077 2143 Roi
1097 2118 1116 2140 a
1133 2103 1275 2155 dépenſé
1291 2112 1334 2156 en
1351 2119 1428 2157 gra-

436 2159 622 2203 tifications
648 2157 930 2204 extraordinaires
954 2168 1103 2205 données
1127 2167 1148 2204 à
1170 2166 1220 2206 ſes
1245 2167 1345 2219 ſujets
1368 2170 1426 2210 des
