1457 2262
250 283 335 328 SUR
335 283 413 328 LES
413 283 605 328 OEUVRES
605 283 667 328 DE
667 283 727 328 M.
727 283 798 328 DE
798 283 1014 328 VOLTAIRE.

1025 289 1081 329 81

226 370 326 404 „tant
342 363 382 398 de
400 374 479 411 gens
497 362 538 399 de
556 363 685 399 Lettres
708 362 740 398 ſe
758 361 930 399 déchirent
946 374 1005 409 par
1021 373 1080 396 en-

223 409 323 453 „vie,
351 412 373 447 il
391 414 458 446 s’en
478 411 522 445 eſt
539 413 655 447 trouvé
673 411 787 446 d’aſſez
803 410 937 453 nobles,
962 415 1078 445 d’aſſez

223 463 430 508 „généreux,
467 473 553 509 pour
568 458 678 509 rendre
696 461 810 508 juſtice
833 462 850 495 à
874 474 915 495 un
940 466 1078 496 homme

220 513 339 556 „doué
371 513 412 546 de
427 512 535 565 génie
566 516 599 551 &
641 514 681 549 de
715 512 817 549 talens
844 511 1026 559 ſupérieurs
1055 515 1074 547 à

222 569 328 598 „tous
351 558 398 593 les
413 558 544 600 ſiècles,
573 570 635 607 que
659 571 741 592 nous
765 573 866 594 avons
890 564 1009 592 mérité
1031 567 1076 594 de

225 614 404 661 „poſſeder
431 615 603 658 Voltaire;
637 617 670 650 &
705 613 735 648 la
763 614 918 661 poſtérité
947 615 976 647 la
1005 617 1077 661 plus

224 660 378 704 „reculée
405 675 487 697 nous
523 676 653 696 enviera
690 676 793 695 encor
822 676 875 694 cet
902 676 1076 707 avantage.

225 715 447 766 „Diſtinguer
482 715 528 750 les
557 717 710 751 hommes
739 718 902 758 celèbres,
959 728 1078 748 rendre

224 763 362 810 „juſtice
389 779 430 801 au
454 767 591 811 mérite,
631 768 706 801 c’eſt
729 776 934 813 encourager
955 772 1001 799 les
1024 783 1077 800 ta-

224 819 319 864 „lent
347 824 380 858 &
403 820 447 856 les
464 830 583 857 vertus.
649 820 736 857 C'eſt
764 820 793 856 la
821 823 907 854 ſeule
942 836 1076 853 récom-

228 871 350 917 „penſe
377 874 433 910 des
459 873 557 910 belles
584 883 691 915 ames,
728 872 789 908 elle
815 873 857 910 eſt
876 873 949 907 bien
973 881 1035 905 due
1057 874 1076 905 à

230 933 329 966 „tous
352 939 432 961 ceux
458 926 511 974 qui
536 925 695 962 cultivent
723 925 999 973 ſupérieurement
1030 926 1076 960 les

228 968 378 1014 „lettres.
430 973 517 1008 Elles
540 984 718 1020 procurent
742 976 787 1007 les
809 977 930 1019 plaiſirs
949 978 989 1007 de
1008 977 1077 1007 l'eſ-

227 1021 322 1068 „prit
338 1022 411 1071 plus
436 1023 587 1059 durables
611 1036 673 1070 que
696 1037 776 1057 ceux
793 1035 837 1056 du
857 1039 971 1068 corps;
1000 1030 1078 1057 elles

230 1075 462 1114 „adouciſſent
478 1075 523 1112 les
542 1087 657 1110 mœurs
675 1076 721 1109 les
739 1078 809 1121 plus
825 1079 970 1115 féroces;
1000 1081 1077 1107 elles

232 1126 441 1172 „repandent
456 1126 526 1161 leur
542 1128 688 1162 charmes
712 1127 766 1159 ſur
782 1138 857 1159 tout
874 1129 902 1158 le
922 1139 1018 1158 cours
1037 1132 1079 1159 de

230 1173 286 1217 „la
312 1174 381 1219 vie;
410 1175 486 1209 elles
519 1176 660 1210 rendent
692 1185 789 1209 notre
817 1178 976 1209 exiſtence
1002 1182 1078 1221 ſup-

229 1226 407 1271 „portable
423 1231 457 1263 &
472 1226 503 1263 la
519 1236 610 1262 mort
625 1226 734 1261 moins
756 1227 902 1264 affreuſe.
955 1229 1077 1261 Conti-

229 1288 336 1320 „nuez
363 1277 470 1322 donc,
498 1277 686 1318 Meſſieurs,
719 1275 762 1311 de
789 1279 947 1324 protéger
974 1283 1007 1311 &
1035 1283 1079 1312 de

233 1326 404 1373 „célèbrer
431 1339 510 1362 ceux
547 1325 601 1376 qui
636 1327 686 1374 s’y
712 1330 924 1375 appliquent,
961 1335 994 1360 &
1023 1334 1080 1375 qui

232 1388 319 1420 „ont
344 1377 375 1411 le
401 1377 551 1413 bonheur
575 1390 614 1413 en
638 1378 763 1413 France
789 1384 846 1427 d’y
875 1386 999 1415 réuſſir.
1029 1388 1079 1412 Ce

231 1425 326 1467 „ſera
350 1438 389 1462 ce
413 1437 475 1475 que
498 1439 579 1462 vous
601 1438 722 1473 pourez
740 1433 823 1463 faire
847 1436 889 1462 de
912 1437 983 1474 plus
1004 1439 1079 1474 glo-

231 1475 346 1521 „rieux
363 1490 447 1525 pour
462 1488 557 1513 votre
573 1480 698 1515 nation.
815 1486 1077 1515 FRÉDERIC.

283 1535 330 1571 Le
356 1535 422 1570 Roi
441 1535 482 1571 de
499 1533 608 1571 Pruſſe
622 1532 663 1569 fit
679 1534 759 1583 plus.
811 1538 837 1570 Il
862 1538 903 1569 fit
926 1542 1078 1567 exécuter

234 1596 297 1620 une
324 1582 425 1620 ſtatue
454 1584 495 1619 de
521 1583 579 1619 ſon
607 1587 721 1619 ancien
750 1589 907 1620 ſerviteur
941 1594 1019 1617 dans
1046 1591 1078 1617 ſa

231 1635 317 1672 belle
334 1636 553 1672 manufacture
576 1636 617 1669 de
634 1641 841 1681 porcelaine,
864 1643 895 1669 &
914 1642 943 1668 la
962 1643 1003 1667 lui
1023 1653 1080 1667 en-

231 1704 320 1743 voya
337 1705 419 1731 avec
438 1706 475 1731 ce
492 1703 564 1728 mot
578 1696 680 1742 gravé
695 1694 747 1730 ſur
763 1695 793 1731 la
810 1695 891 1731 baſe.
931 1694 1079 1728 Immor-

230 1746 309 1784 tali.
334 1744 403 1784 Mr
424 1746 467 1781 de
483 1743 634 1780 Voltaire
649 1743 766 1778 écrivit
781 1755 821 1777 au
839 1745 987 1776 deſſous:

307 1796 389 1828 Vous
404 1796 461 1826 étes
477 1796 623 1834 généreux
653 1797 713 1827 Vos
726 1799 828 1827 bontés
841 1797 1018 1825 ſouveraines

303 1843 355 1875 Me
371 1842 443 1873 fond
457 1842 492 1871 de
508 1848 573 1881 trop
592 1845 691 1871 nobles
708 1845 826 1880 préſens.

305 1892 387 1922 Vous
400 1899 446 1920 me
460 1890 571 1920 donnés
584 1890 631 1920 ſur
646 1898 706 1919 mes
723 1890 804 1918 vieux
818 1897 869 1917 ans

304 1932 374 1964 Une
386 1938 459 1961 terre
476 1931 546 1961 dans
560 1940 608 1961 vos
622 1931 779 1961 domaines.

634 1984 668 2029 F
