1899 2589
651 395 876 445 irrégularités
895 398 952 432 des
979 395 1201 443 procédures,
1230 395 1259 431 &
1284 396 1397 432 rendit
1420 392 1510 432 ſacré
1535 406 1573 430 ce
1595 394 1658 442 qui

654 450 742 482 avait
762 446 813 482 été
830 456 1009 492 purement
1027 447 1181 481 humain.

719 532 915 576 Qu'importe
929 532 968 563 de
980 532 1054 575 quel
1068 533 1139 565 bras
1151 534 1244 565 DIEU
1258 531 1371 573 daigne
1383 532 1412 563 ſe
1424 532 1537 567 ſervir?

706 603 812 641 Voilà
830 615 963 638 comme
977 601 1198 649 l'inquiſition
1212 602 1329 637 devint
1348 600 1532 637 ſédentaire
1551 599 1572 636 à
1585 602 1657 639 Lis-

650 654 781 694 bonne,
798 652 827 687 &
844 662 918 687 tout
933 653 963 686 le
979 663 1140 700 royaume
1155 652 1285 686 admira
1300 653 1333 687 la
1347 652 1569 687 Providence.

708 715 763 749 Au
777 714 858 750 reſte
873 726 919 748 on
943 713 1081 748 connaît
1104 712 1183 747 aſſez
1204 721 1313 747 toutes
1328 712 1374 747 les
1396 710 1598 757 procédures
1615 714 1659 748 de

654 786 690 807 ce
710 774 877 813 tribunal,
906 785 951 806 on
967 772 1027 806 fait
1047 772 1204 808 combien
1222 772 1297 806 elles
1316 772 1392 807 ſont
1410 769 1569 815 oppoſées
1587 768 1608 804 à
1626 772 1659 817 la

651 829 754 863 fauſſe
774 826 889 873 équité
910 825 939 861 &
965 825 986 860 à
1006 826 1164 872 l'aveugle
1184 824 1294 859 raiſon
1320 827 1363 861 de
1383 833 1458 860 tous
1474 824 1522 859 les
1546 833 1656 861 autres

652 883 837 918 tribunaux
848 884 889 917 de
899 882 1067 918 l'univers.
1087 883 1147 919 On
1158 881 1202 916 eſt
1212 880 1425 927 empriſonné
1435 880 1489 914 ſur
1498 882 1531 916 la
1541 873 1658 928 ſimple

653 937 897 973 dénonciation
920 937 978 971 des
998 935 1178 983 perſonnes
1199 936 1245 970 les
1262 936 1338 981 plus
1356 935 1517 978 infames;
1539 948 1587 970 un
1606 937 1659 974 fils

653 1003 735 1037 peut
751 991 921 1028 dénoncer
935 992 994 1026 ſon
1005 992 1099 1038 père,
1114 1004 1181 1025 une
1195 991 1319 1026 femme
1329 992 1389 1026 ſon
1399 991 1504 1032 mari;
1520 1003 1567 1025 on
1577 991 1659 1028 n’eſt

650 1048 776 1096 jamais
788 1049 964 1085 confronté
974 1049 1098 1084 devant
1112 1048 1160 1083 ſes
1172 1047 1397 1088 accuſateurs,
1411 1048 1458 1082 les
1473 1047 1570 1082 biens
1583 1047 1661 1084 ſont

655 1104 843 1151 confiſqués
858 1117 900 1138 au
916 1104 1018 1149 profit
1032 1105 1090 1138 des
1102 1102 1217 1148 juges;
1232 1103 1305 1140 c’eſt
1314 1104 1395 1139 ainſi
1405 1104 1453 1137 du
1463 1102 1576 1138 moins
1591 1113 1661 1148 que

653 1162 872 1210 l’inquiſition
891 1161 962 1197 s’eſt
978 1161 1138 1197 conduite
1147 1157 1284 1206 juſqu'à
1298 1172 1361 1194 nos
1368 1159 1484 1206 jours:
1501 1159 1527 1193 il
1545 1173 1567 1208 y
1587 1172 1607 1194 a
1623 1158 1662 1194 là

654 1218 803 1265 quelque
826 1219 923 1253 choſe
947 1220 988 1254 de
1009 1218 1122 1260 divin;
1145 1231 1199 1252 car
1220 1218 1245 1252 il
1266 1218 1311 1253 eſt
1334 1215 1660 1263 incompréhenſible

654 1284 722 1318 que
735 1274 782 1307 les
795 1272 951 1307 hommes
964 1271 1054 1308 aient
1067 1271 1203 1308 ſouffert
1217 1283 1253 1306 ce
1258 1268 1344 1315 joug
1355 1269 1591 1315 patiemment.

709 1335 813 1371 Enfin
836 1335 867 1369 le
891 1342 1001 1368 comte
1026 1332 1191 1369 d’Aranda
1215 1346 1237 1368 a
1264 1332 1318 1367 été
1335 1331 1417 1368 béni
1436 1333 1479 1367 de
1502 1332 1660 1378 l'Europe

657 1389 780 1423 entière
800 1399 843 1421 en
857 1396 1002 1431 rognant
1016 1388 1062 1421 les
1081 1386 1191 1434 griffes
1207 1386 1236 1422 &
1248 1399 1290 1422 en
1303 1378 1424 1427 limant
1438 1385 1485 1424 les
1499 1385 1595 1430 dents
1608 1390 1658 1421 du

655 1447 827 1496 monſtre;
839 1447 924 1481 mais
942 1447 966 1480 il
984 1445 1105 1493 reſpire
1121 1457 1251 1483 encore.

908 1569 1405 1615 INSTINCT.

658 1686 961 1753 INSTINCTUS,
976 1709 1134 1752 impulſus,
1150 1707 1323 1755 impulſion;
1338 1708 1424 1736 mais
1442 1708 1553 1748 quelle
1566 1709 1660 1749 puiſ-

655 1771 750 1806 ſance
767 1782 854 1805 nous
869 1766 1009 1818 pouſſe?

709 1837 807 1872 Tout
823 1834 1000 1868 ſentiment
1015 1836 1061 1870 eſt
1073 1834 1215 1869 inſtinct.

712 1896 795 1929 Une
815 1892 1016 1929 conformité
1044 1893 1162 1928 ſecrète
1189 1891 1231 1925 de
1255 1902 1318 1925 nos
1348 1901 1487 1935 organes
1511 1902 1591 1925 avec
1610 1891 1659 1926 les

656 1952 764 1998 objets
783 1952 891 1987 forme
908 1962 1004 1986 notre
1024 1952 1165 1988 inſtinct.

714 2017 764 2050 Ce
774 2013 854 2049 n’eſt
868 2025 934 2059 que
944 2026 1005 2058 par
1015 2013 1146 2048 inſtinct
1156 2024 1224 2059 que
1235 2024 1322 2048 nous
1332 2012 1441 2048 feſons
1456 2012 1549 2046 mille
1561 2024 1661 2047 mou-

657 2082 795 2103 vemens
815 2069 1076 2109 involontaires,
1098 2068 1139 2103 de
1157 2066 1268 2102 même
1286 2078 1352 2112 que
1367 2065 1439 2102 c'eſt
1454 2079 1515 2112 par
1529 2067 1661 2103 inſtinct

658 2134 724 2168 que
740 2135 826 2158 nous
837 2123 979 2157 ſommes
994 2121 1152 2161 curieux,
1174 2132 1240 2167 que
1256 2133 1343 2156 nous
1359 2132 1504 2156 courons
1519 2120 1612 2166 après
1627 2121 1660 2157 la
