1341 2178
394 299 457 334 126

612 306 915 329 ROMANCE
966 306 1020 329 VI.

497 373 532 401 Et
545 371 615 398 voilà
628 370 695 398 donc
710 372 736 398 la
750 369 871 397 destinée

462 423 515 454 Qui
527 430 560 449 va
574 421 683 455 remplir
700 429 744 447 ses
764 420 823 455 plus
838 419 929 447 beaux
929 419 1002 446 ans!

463 474 544 502 Seule
558 482 591 499 en
612 480 655 499 ces
675 472 749 502 bois,
769 470 942 499 abandonnée

465 526 511 553 Au
525 527 615 552 milieu
630 524 676 552 des
692 526 767 558 loups
781 517 930 560 dévorans!

466 581 522 609 Des
536 580 612 607 fruits
626 583 699 606 verts
714 582 776 604 sont
797 584 827 604 sa
845 576 1005 614 nourriture,

465 632 528 660 Une
544 639 651 668 mousse
666 630 773 657 humide
786 634 829 657 est
842 637 891 656 son
905 628 948 661 lit;

467 682 521 710 Les
535 682 646 709 ennuis,
663 680 701 706 les
717 676 816 711 vents,
832 681 856 705 la
871 678 997 710 froidure,

468 737 536 766 Sont
554 738 593 764 les
608 735 685 763 hôtes
704 736 737 763 de
753 742 803 763 son
815 734 913 763 réduit.

504 825 612 858 Songes
628 823 660 851 de
674 826 700 851 la
716 823 799 851 douce
817 823 972 857 espérance,

468 874 618 903 Portez-lui
630 873 666 903 du
678 873 767 898 moins
777 879 827 898 vos
845 871 972 898 secours!

473 925 645 958 Geneviève,
664 923 768 953 attends
788 933 822 952 en
841 923 951 955 silence,

472 977 515 1006 Tu
528 985 600 1013 peux
615 980 752 1004 retrouver
767 979 808 1002 tes
821 973 909 1001 beaux
923 971 1008 1008 jours.

475 1033 507 1062 Si
525 1034 594 1061 Dieu
609 1039 676 1058 nous
691 1029 797 1064 frappe,
815 1027 882 1058 c'est
896 1037 934 1061 un
947 1026 1028 1063 père;

476 1087 499 1114 II
516 1086 600 1114 chérit
614 1082 733 1117 toujours
747 1091 791 1110 ses
812 1082 920 1113 enfans.

478 1133 662 1163 Console-toi,
681 1140 731 1164 son
750 1131 809 1159 bras
823 1129 921 1160 sévère

478 1188 557 1216 N'est
569 1184 636 1215 roidi
647 1191 699 1221 que
710 1190 757 1213 sur
768 1184 807 1215 les
821 1182 959 1216 méchans.

1010 1731 1200 1753 ROMANCE
