1477 2177
157 419 219 455 que
238 410 267 451 je
284 418 325 440 ne
342 405 386 443 les
402 410 504 442 crains
522 408 623 455 point.
675 408 826 441 Beaulieu
852 406 919 450 (h)
942 418 1023 441 vous

155 461 224 507 prie
243 456 283 492 de
306 460 408 494 croire
426 472 487 508 que
507 457 583 494 dans
606 455 650 494 ſes
670 455 828 493 aſſiduités
852 455 963 503 auprès
982 454 1022 490 de

155 506 247 545 moi,
274 507 407 543 entouré
422 509 477 541 des
493 510 586 553 petits
603 507 722 553 laquais
743 505 783 539 de
807 515 858 537 ma
877 516 968 547 mere,
996 505 1020 538 il

152 570 172 591 a
190 554 310 593 deſſein
325 559 365 595 de
380 570 459 592 vous
471 559 551 592 faire
568 558 598 590 ſa
609 568 695 590 cour.
750 558 789 590 Sa
807 555 932 588 femme
943 556 1019 590 n'eſt

153 605 247 652 point
256 618 375 643 encore
391 612 592 653 accouchée;
608 623 658 639 ces
669 609 868 639 créatures-là
879 620 919 637 ne
931 619 1022 638 com-

153 675 245 715 ptent
269 672 363 718 point
388 669 473 715 juſte.
552 672 641 706 Vous
665 679 719 701 me
739 668 848 715 priez,
875 679 928 700 ma
945 665 1020 702 très-

153 714 269 759 chere,
295 713 335 751 de
359 728 437 751 vous
462 711 568 751 laiſſer
592 712 668 748 dans
693 713 722 747 la
747 715 918 760 capucine,
941 723 1021 758 pen-

154 759 231 799 dant
242 776 304 813 que
321 766 350 809 je
366 775 420 797 me
433 764 661 810 promenerai;
685 767 714 807 je
723 775 762 797 ne
777 764 806 796 le
823 774 904 793 veux
915 765 1020 808 point,

155 815 186 860 je
206 812 305 852 ferois
324 828 377 850 ma
395 813 593 862 promenade
603 822 677 862 trop
689 817 820 849 courte?
847 825 924 848 vous
934 817 1022 848 vien-

153 862 234 903 drez
260 869 403 913 toujours
430 878 506 899 avec
530 866 601 900 moi
627 867 756 914 malgré
782 877 879 905 vous,
912 864 1022 911 quand

152 932 232 959 vous
257 920 387 959 devriez
412 917 509 957 ſentir
532 923 577 956 un
601 931 664 966 peu
682 921 723 955 de
750 920 874 966 ſerein;
903 920 927 954 il
945 919 1023 957 n’eſt

152 976 249 1021 point
266 973 447 1026 dangereux
464 977 525 1019 ici,
550 973 621 1011 c'eſt
639 975 679 1011 de
699 974 728 1010 la
750 972 935 1024 pommade.
984 975 1022 1016 Je

155 1037 198 1060 ne
214 1024 333 1062 ſaurois
352 1022 561 1075 m'appliquer
583 1024 601 1059 à
620 1021 765 1061 démêler
787 1024 832 1059 les
856 1022 957 1060 droits
982 1025 1023 1057 de

157 1078 273 1114 l'autre
297 1079 377 1122 (i);
401 1079 428 1122 je
440 1073 501 1111 ſuis
510 1072 684 1126 perſuadée
699 1075 789 1125 qu'ils
801 1074 873 1109 ſont
887 1074 1024 1123 grands;

155 1126 239 1160 mais
264 1127 372 1173 quand
401 1138 447 1159 on
466 1128 552 1161 aime
570 1126 658 1159 d'une
677 1129 837 1173 certaine
847 1126 963 1168 façon,
989 1130 1024 1156 &

156 1191 221 1214 que
235 1189 308 1214 tout
329 1181 361 1215 le
379 1192 466 1214 cœur
479 1179 524 1214 eſt
545 1177 685 1225 rempli,
711 1180 741 1222 je
764 1176 860 1224 penſe
877 1179 953 1226 qu'il
978 1178 1024 1213 eſt

158 1211 293 1259 difficile
321 1223 361 1256 de
376 1221 501 1266 ſéparer
520 1225 544 1254 ſi
560 1226 656 1264 juſte:
680 1228 768 1253 enfin
791 1227 842 1251 ſur
860 1229 925 1251 cela
951 1229 1025 1250 cha-

159 1288 223 1312 cun
239 1273 297 1312 fait
313 1276 330 1313 à
349 1274 379 1313 ſa
397 1273 514 1317 mode,
540 1278 573 1311 &
592 1286 724 1308 comme
749 1277 772 1308 il
789 1286 873 1321 peut.
932 1279 968 1316 Je
983 1289 1025 1307 ne

160 1341 274 1370 trouve
291 1345 345 1381 pas
363 1334 460 1382 qu'on
480 1331 540 1369 ſoit
558 1332 581 1369 ſi
603 1330 668 1369 fort
684 1322 852 1369 maitreſſe
861 1331 900 1368 de
918 1330 1027 1382 régler

160 1380 207 1419 les
224 1379 398 1418 ſentimens
417 1377 459 1416 de
476 1393 512 1415 ce
531 1377 663 1431 païs-là;
679 1393 725 1415 on
740 1380 784 1416 eſt
793 1380 1026 1422 bienheureux,

137 1430 267 1484 quand
287 1435 325 1472 ils
344 1443 401 1471 ont
419 1430 618 1482 l'apparence
635 1431 846 1470 raiſonnable.
896 1434 932 1476 Je
943 1437 1025 1467 crois

161 1498 225 1533 que
243 1484 283 1520 de
299 1495 388 1524 toute
408 1483 504 1522 façon
528 1498 607 1521 vous
627 1486 847 1532 m'empêchez
870 1487 968 1521 d'être
987 1487 1028 1519 ri-

163 1537 296 1589 dicule;
315 1541 343 1583 je
360 1529 454 1573 tâche
471 1537 547 1574 auſſi
565 1536 611 1572 de
611 1548 668 1572 me
685 1548 868 1583 gouverner
885 1535 965 1571 aſſez
983 1536 1028 1570 ſa-

161 1600 297 1642 gement
326 1605 413 1640 pour
445 1591 706 1629 n'incommoder
729 1589 909 1639 perſonne:
941 1592 1028 1627 voilà

160 1650 233 1679 tout
250 1654 287 1677 ce
305 1650 367 1692 que
385 1643 415 1686 je
433 1639 500 1679 ſais.

611 1707 668 1744 I 3

915 1703 1030 1743 Mada-

207 1794 265 1832 (h)
287 1794 337 1824 Un
359 1790 438 1826 valet
461 1789 497 1822 de
519 1790 655 1822 chambre
677 1790 713 1821 de
733 1788 869 1823 Madame
891 1790 927 1820 de
951 1789 1030 1822 Sévi-

249 1838 317 1880 gné.

205 1884 257 1917 (i)
278 1878 305 1911 Il
331 1881 369 1912 eſt
395 1877 527 1922 queſtion
549 1876 597 1909 des
626 1876 718 1912 droits
744 1878 779 1908 de
807 1876 932 1908 l'amour
951 1878 978 1906 &
995 1877 1031 1908 de

251 1925 393 1964 l'amitié;
415 1928 443 1957 &
457 1935 511 1969 par
525 1924 631 1962 l'autre,
649 1925 711 1957 c'eſt
725 1923 852 1955 l'amour
868 1925 920 1965 qui
937 1925 975 1954 eſt
984 1922 1032 1954 dé-

249 1973 337 2014 ſigné.
