1971 2827
749 407 845 463 118

950 404 1202 481 CU-SU
1202 404 1347 481 ET
1347 404 1563 481 KOU.

1174 517 1323 548 KOU.

802 566 903 598 Non,
918 564 951 610 je
971 567 1048 599 n'en
1073 568 1133 600 ſais
1160 565 1249 613 rien,
1277 573 1360 602 vous
1385 580 1437 602 me
1458 568 1553 602 feriez
1582 568 1690 614 plaiſir
1709 574 1751 605 de

744 631 795 653 me
813 621 1031 665 l'apprendre.

1138 679 1354 709 CU-SU.

799 733 859 763 Les
879 731 1001 773 prêtres
1023 732 1197 764 chaldéens
1224 732 1373 766 s’étaient
1402 735 1501 766 aviſés
1523 737 1676 771 d’adorer
1702 736 1748 769 les

741 783 893 816 brochets
910 786 951 816 de
968 783 1172 827 l'Euphrate.
1192 785 1237 817 Ils
1250 783 1481 829 prétendaient
1500 794 1604 827 qu'un
1620 804 1755 828 fameux

742 839 878 871 brochet
897 840 1027 871 nommé
1053 839 1163 876 Oannès
1191 841 1263 873 leur
1287 841 1373 874 avait
1393 840 1547 874 autrefois
1576 850 1685 885 appris
1716 852 1749 876 la

741 895 926 938 théologie,
952 908 1016 939 que
1037 908 1072 928 ce
1095 897 1231 932 brochet
1252 899 1329 934 était
1350 898 1531 940 immortel,
1554 903 1638 945 qu'il
1662 908 1749 937 avait

739 955 817 988 trois
837 955 930 998 pieds
946 955 987 987 de
1006 956 1101 1000 long,
1118 953 1144 987 &
1161 968 1207 989 un
1226 957 1309 1000 petit
1329 957 1479 992 croiſſant
1496 959 1550 993 ſur
1573 958 1604 991 la
1624 969 1744 1004 queue.

740 1012 861 1047 C'était
880 1023 939 1055 par
959 1012 1076 1059 reſpeƈt
1095 1024 1181 1059 pour
1200 1023 1249 1048 cet
1272 1016 1381 1049 Oannès
1400 1015 1484 1061 qu'il
1499 1018 1577 1050 était
1599 1019 1748 1052 défendu

738 1067 779 1100 de
794 1079 926 1112 manger
945 1068 990 1103 du
1010 1070 1156 1105 brochet.
1185 1073 1216 1106 Il
1243 1072 1362 1106 s'éleva
1388 1085 1454 1103 une
1475 1076 1595 1114 grande
1617 1076 1747 1118 diſpute

737 1135 827 1162 entre
847 1129 891 1161 les
911 1128 1133 1172 théologiens,
1157 1141 1244 1174 pour
1269 1132 1376 1166 ſavoir
1389 1134 1410 1165 fi
1427 1134 1456 1165 le
1482 1132 1618 1167 brochet
1636 1135 1745 1168 Oannès

736 1184 814 1218 était
833 1186 909 1218 laité
929 1196 974 1218 ou
991 1187 1096 1219 œuvé.
1125 1186 1183 1220 Les
1204 1187 1291 1219 deux
1306 1188 1405 1229 partis
1405 1189 1746 1232 s’excommunièrent

734 1243 1037 1288 réciproquement,
1047 1247 1074 1277 &
1084 1257 1129 1278 on
1148 1259 1190 1279 en
1208 1248 1282 1280 vint
1301 1248 1458 1290 pluſieurs
1473 1248 1535 1282 fois
1549 1260 1612 1282 aux
1625 1249 1741 1282 mains.

732 1302 834 1335 Voici
855 1311 978 1332 comme
1003 1303 1032 1331 le
1054 1303 1105 1332 roi
1125 1303 1211 1333 Daon
1233 1302 1279 1343 s'y
1301 1303 1369 1342 prit
1387 1312 1474 1346 pour
1491 1304 1571 1337 faire
1591 1304 1687 1336 ceſſer
1707 1317 1744 1337 ce

736 1356 901 1388 déſordre.

791 1411 820 1441 Il
836 1410 1028 1441 commanda
1044 1421 1088 1440 un
1103 1409 1203 1452 jeûne
1223 1409 1397 1452 rigoureux
1416 1411 1458 1443 de
1475 1412 1552 1446 trois
1568 1411 1662 1455 jours
1678 1423 1743 1447 aux

734 1464 821 1496 deux
852 1462 969 1507 partis;
993 1464 1083 1507 après
1111 1466 1191 1508 quoi
1215 1466 1240 1497 il
1267 1467 1304 1499 fit
1328 1466 1423 1500 venir
1442 1467 1487 1499 les
1510 1469 1665 1512 partiſans
1696 1473 1742 1503 du

734 1519 869 1553 brochet
891 1529 955 1550 aux
974 1521 1079 1558 œufs,
1100 1522 1157 1562 qui
1179 1521 1347 1557 aſſiſtèrent
1367 1524 1385 1556 à
1401 1523 1459 1555 ſon
1482 1535 1585 1567 dîné:
1610 1540 1634 1568 il
1655 1541 1685 1570 ſe
1705 1531 1743 1570 fit

733 1582 888 1617 apporter
907 1587 954 1608 un
971 1577 1107 1612 brochet
1115 1578 1154 1610 de
1171 1578 1248 1610 trois
1263 1577 1376 1622 pieds,
1387 1580 1507 1620 auquel
1523 1592 1568 1612 on
1581 1593 1667 1620 avait
1680 1596 1740 1622 mis

732 1644 779 1666 un
795 1635 876 1679 petit
895 1635 1044 1671 croiſſant
1069 1638 1122 1671 ſur
1137 1635 1168 1668 la
1188 1647 1307 1681 queue.
1338 1638 1488 1672 Eſt-ce-là
1508 1648 1600 1674 votre
1627 1641 1738 1682 Dieu,

730 1697 820 1733 dit-il
834 1710 898 1731 aux
917 1697 1092 1735 doƈteurs?
1108 1699 1195 1743 Oui,
1214 1700 1302 1741 Sire,
1313 1698 1369 1745 lui
1369 1698 1665 1747 répondirent-ils,
1687 1713 1740 1735 car

729 1755 754 1789 il
775 1767 793 1787 a
813 1768 863 1791 un
876 1755 1023 1790 croiſſant
1041 1759 1094 1790 ſur
1113 1756 1143 1790 la
1159 1766 1278 1802 queue.
1301 1759 1346 1793 Le
1363 1759 1414 1791 roi
1434 1758 1626 1793 commanda
1636 1760 1742 1804 qu'on

729 1817 840 1847 ouvrit
868 1815 899 1846 le
929 1812 1087 1852 brochet,
1124 1814 1183 1856 qui
1208 1816 1295 1847 avait
1315 1815 1346 1849 la
1365 1815 1440 1860 plus
1468 1817 1553 1851 belle
1578 1818 1657 1850 laite
1693 1819 1741 1853 du

728 1871 861 1903 monde.
883 1872 975 1905 Vous
995 1883 1098 1916 voyez
1111 1871 1212 1910 bien,
1232 1870 1352 1911 dit-il,
1377 1883 1442 1915 que
1471 1885 1508 1905 ce
1535 1872 1615 1907 n'eſt
1633 1875 1740 1918 pas-là

729 1933 822 1961 votre
850 1927 963 1965 Dieu,
999 1929 1158 1974 puiſqu'il
1194 1929 1236 1961 eſt
1270 1931 1377 1966 laité:
1402 1935 1429 1965 &
1458 1933 1489 1964 le
1522 1929 1659 1966 brochet
1688 1934 1739 1967 fut

728 1982 842 2026 mangé
859 1995 919 2026 par
929 1983 959 2015 le
979 1987 1029 2019 roi
1044 1989 1071 2019 &
1089 1988 1136 2018 ſes
1151 1986 1305 2029 ſatrapes,
1318 1996 1360 2017 au
1378 1986 1481 2033 grand
1492 1993 1739 2023 contentement

728 2042 783 2073 des
806 2042 1011 2084 théologiens
1037 2044 1092 2074 des
1115 2042 1227 2082 œufs,
1256 2040 1315 2086 qui
1341 2042 1497 2088 voyaient
1519 2045 1624 2092 qu'on
1650 2045 1739 2078 avait

728 2099 784 2132 frit
804 2101 833 2131 le
850 2100 937 2130 Dieu
953 2101 993 2132 de
1009 2098 1094 2130 leurs
1115 2099 1320 2135 adverſaires.

785 2156 841 2189 On
864 2165 991 2198 envoya
1010 2154 1164 2190 chercher
1191 2156 1317 2191 auſſitôt
1338 2159 1384 2192 les
1408 2157 1558 2192 doƈteurs
1579 2157 1625 2187 du
1649 2159 1736 2201 parti

728 2206 914 2241 contraire:
933 2218 976 2241 on
996 2209 1067 2241 leur
1084 2221 1220 2253 montra
1236 2222 1283 2242 un
1299 2215 1387 2248 Dieu
1405 2213 1446 2244 de
1462 2213 1542 2245 trois
1559 2207 1650 2253 pieds
1676 2215 1735 2257 qui

726 2269 811 2306 avait
824 2269 878 2303 des
892 2267 972 2303 œufs
982 2269 1009 2301 &
1022 2280 1069 2307 un
1086 2270 1235 2306 croiſſant
1244 2271 1298 2304 ſur
1313 2269 1345 2304 la
1360 2264 1488 2319 queue;
1505 2269 1544 2304 ils
1560 2271 1735 2310 aſſurèrent
