1899 2589
678 342 810 384 Brumoy
826 340 886 387 qui
909 353 998 375 nous
1010 355 1029 376 a
1045 343 1161 380 donné
1178 346 1208 379 le
1227 345 1355 382 Théâtre
1375 347 1424 381 des
1448 348 1563 388 Grecs,
1584 346 1615 383 &

629 392 689 436 qui
706 392 761 426 n'a
778 403 841 437 pas
858 393 982 428 traduit
997 394 1145 442 Euripide
1158 407 1238 430 avec
1255 409 1322 432 une
1336 396 1463 433 fidélité
1474 398 1613 443 ſcrupu-

629 451 741 491 leuſe,
757 451 818 485 fait
832 463 867 485 ce
882 450 965 496 qu'il
986 459 1058 495 peut
1071 458 1151 504 pour
1152 454 1302 501 juſtifier
1313 449 1343 501 la
1356 456 1452 495 ſcène
1463 456 1614 494 d’Admète

630 504 659 540 &
686 505 727 540 de
750 506 809 540 ſon
837 504 935 552 père;
964 517 1010 539 on
1035 518 1077 541 ne
1102 506 1284 547 devinerait
1300 519 1361 554 pas
1378 508 1410 541 le
1433 517 1511 544 tour
1529 508 1614 555 qu’il

628 569 747 609 prend.

679 619 710 652 Il
727 618 777 651 dit
789 615 928 651 d’abord
943 629 1008 663 que
1022 619 1060 651 les
1074 617 1167 652 Grecs
1183 619 1271 652 n’ont
1277 621 1336 664 pas
1353 619 1459 654 trouvé
1477 620 1497 653 à
1514 620 1613 656 redire

627 671 648 704 à
665 683 706 704 ces
723 672 822 705 mêmes
836 669 930 717 choſes
946 670 1001 717 qui
1010 672 1083 719 ſont
1101 672 1122 705 à
1142 679 1225 707 notre
1244 674 1339 720 égard
1358 677 1408 709 des
1425 675 1610 715 indécences,

627 730 675 762 des
694 730 853 767 horreurs;
869 727 992 776 qu'ainſi
1008 729 1032 763 il
1042 728 1120 774 faut
1133 728 1272 764 convenir
1289 731 1403 779 qu'elles
1420 745 1456 767 ne
1468 732 1543 779 ſont
1554 736 1613 779 pas

624 780 804 826 tout-à-fait
820 782 897 816 telles
914 793 968 827 que
985 793 1057 817 nous
1069 781 1110 827 les
1110 781 1302 829 imaginons;
1316 795 1353 817 en
1353 795 1400 817 un
1416 790 1499 834 mot,
1509 796 1564 831 que
1573 786 1612 819 les

623 842 698 875 idées
715 848 765 876 ont
778 841 900 887 changé.

675 892 736 928 On
750 901 833 938 peut
848 891 1016 937 répondre
1030 904 1096 940 que
1110 894 1158 930 les
1175 893 1265 929 idées
1288 896 1345 930 des
1371 896 1505 931 nations
1527 895 1599 941 poli

623 947 696 981 cées
710 947 808 981 n’ont
815 946 945 993 jamais
954 947 1086 994 changé
1099 950 1154 985 ſur
1170 952 1201 988 le
1214 949 1338 997 reſpect
1351 963 1419 999 que
1432 953 1479 987 les
1490 952 1608 988 enfans

623 1004 764 1040 doivent
775 1002 797 1037 à
809 1004 897 1045 leurs
914 1003 1020 1048 pères.

674 1057 740 1105 Qui
755 1060 827 1104 peut
856 1059 993 1098 douter,
1021 1058 1233 1106 ajoute-t-il,
1257 1073 1315 1109 que
1335 1063 1375 1097 les
1398 1062 1477 1099 idées
1497 1063 1612 1099 n'aient

621 1114 733 1153 changé
746 1124 785 1142 en
798 1110 941 1157 différens
950 1110 1060 1157 ſiècles
1068 1111 1132 1156 ſur
1156 1115 1205 1146 des
1227 1112 1329 1158 points
1354 1114 1390 1146 de
1416 1105 1527 1149 morale
1539 1114 1609 1161 plus

622 1171 816 1220 importans?

670 1228 731 1264 On
748 1226 883 1273 répond
896 1226 980 1273 qu'il
993 1227 1050 1275 n'y
1063 1239 1103 1261 en
1103 1239 1138 1262 a
1147 1228 1246 1273 guère
1258 1230 1299 1265 de
1312 1230 1392 1276 plus
1405 1229 1606 1275 importans.

672 1285 723 1319 Un
753 1281 923 1327 Français,
942 1283 1201 1323 continue-t-il,
1225 1282 1263 1329 eſt
1286 1285 1414 1335 inſulté;
1430 1288 1456 1321 le
1463 1287 1610 1334 prétendu

619 1336 675 1371 bon
681 1334 753 1380 ſens
764 1333 910 1379 français
930 1341 999 1369 veut
1017 1335 1093 1381 qu'il
1106 1348 1198 1371 coure
1208 1336 1248 1370 les
1269 1334 1383 1383 riſques
1398 1338 1440 1373 du
1462 1340 1550 1380 duel,
1577 1339 1608 1375 &

620 1391 694 1436 qu'il
707 1398 754 1425 tue
769 1403 806 1425 ou
817 1401 922 1437 meure
922 1394 1005 1438 pour
1023 1404 1182 1428 recouvrer
1188 1393 1252 1439 ſon
1268 1395 1411 1430 honneur.

673 1447 734 1485 On
750 1445 882 1492 répond
899 1458 969 1492 que
986 1459 1021 1482 ce
1037 1448 1121 1483 n’eſt
1133 1460 1201 1495 pas
1211 1450 1244 1484 le
1267 1449 1341 1485 ſeul
1355 1450 1524 1497 prétendu
1535 1451 1608 1487 bon

620 1501 695 1535 ſens
716 1499 881 1546 français,
900 1500 983 1535 mais
1012 1502 1104 1536 celui
1128 1504 1171 1538 de
1198 1512 1307 1538 toutes
1330 1504 1377 1537 les
1404 1503 1539 1540 nations
1564 1507 1608 1540 de

620 1563 780 1607 l’Europe
798 1560 871 1596 ſans
892 1561 1080 1608 exception.

672 1612 719 1646 On
743 1624 779 1647 ne
789 1611 860 1658 ſent
882 1616 940 1658 pas
963 1612 1036 1660 aſſez
1066 1614 1191 1649 combien
1215 1623 1282 1650 cette
1314 1615 1436 1651 maxime
1461 1616 1607 1663 paraîtra

618 1665 743 1701 ridicule
761 1668 835 1700 dans
856 1669 930 1701 deux
953 1668 1031 1702 mille
1060 1680 1138 1708 ans,
1159 1672 1190 1706 &
1208 1670 1243 1702 de
1259 1669 1325 1715 quel
1350 1669 1400 1703 air
1425 1683 1463 1705 on
1481 1669 1607 1706 l'aurait

606 1729 705 1777 ſifflée
725 1734 766 1766 du
786 1736 873 1778 temps
891 1732 1079 1779 d'Euripide.

672 1780 769 1814 Cette
786 1780 932 1813 maxime
948 1780 991 1815 eſt
1011 1781 1136 1817 cruelle
1158 1779 1176 1829 &
1201 1782 1317 1822 fatale,
1340 1782 1425 1817 mais
1447 1794 1518 1817 non
1542 1793 1604 1829 pas

619 1835 780 1875 ridicule;
802 1835 831 1870 &
842 1848 888 1870 on
906 1848 951 1869 on
962 1849 1005 1871 ne
1018 1839 1098 1873 l’eût
1108 1837 1206 1873 ſifflée
1220 1838 1367 1877 d’aucun
1379 1838 1428 1873 air
1435 1840 1481 1874 du
1495 1848 1604 1885 temps

618 1890 811 1938 d’Euripide.
835 1891 865 1925 Il
882 1905 904 1939 y
924 1892 1014 1925 avait
1026 1891 1204 1936 beaucoup
1221 1892 1426 1939 d'exemples
1426 1894 1484 1939 de
1505 1895 1603 1930 duels

619 1946 700 1980 chez
718 1948 765 1981 les
784 1947 981 1994 Aſiatiques.
1001 1949 1062 1984 On
1074 1949 1169 1991 voit,
1190 1950 1248 1984 dès
1264 1950 1299 1985 le
1312 1958 1603 1987 commencement

619 1999 668 2032 du
682 2000 824 2045 premier
838 2001 920 2036 livre
933 2002 973 2036 de
984 2002 1132 2043 l’Iliade,
1150 2003 1264 2038 Achille
1274 2006 1376 2038 tirant
1389 2002 1409 2038 à
1419 2004 1534 2039 moitié
1543 2006 1603 2040 ſon

618 2052 720 2097 épée;
743 2056 772 2089 &
787 2056 811 2087 il
828 2055 908 2089 était
919 2054 993 2099 prêt
1010 2054 1031 2090 à
1046 2057 1076 2090 ſe
1079 2051 1196 2092 battre
1209 2066 1324 2091 contre
1337 2055 1560 2102 Agamemnon,
1579 2060 1602 2093 ſi
