1523 2211
511 392 553 411 ces
577 381 665 413 ſortes
688 383 723 414 de
744 382 857 421 delices,
883 383 1085 422 c’eſt-à-dire,
1112 384 1147 416 de
1169 384 1279 417 raſſem-

510 424 573 455 bler
596 433 659 455 tous
682 424 719 454 les
741 425 886 464 agrémens
902 428 936 457 de
954 428 979 457 la
992 436 1074 458 vertu
1095 434 1121 459 &
1143 433 1179 459 du
1194 432 1282 460 liber-

506 469 609 508 tinage.
654 471 791 508 Craignez
807 470 969 507 ſeulement,
985 481 1040 511 que
1059 473 1084 503 la
1100 476 1185 506 veille
1199 477 1279 505 Tan-

509 521 537 545 te
560 525 594 544 ne
617 526 731 548 meure;
753 515 773 545 il
797 525 866 546 vous
887 527 920 546 en
944 518 1120 549 reviendroit
1135 520 1182 548 dix
1198 521 1277 550 mille

506 555 593 586 livres
616 555 651 585 de
672 562 762 591 rente,
783 558 852 586 mais
875 558 922 587 dix
943 560 1022 590 mille
1044 561 1130 589 livres
1144 563 1179 588 de
1195 570 1276 590 rente

507 608 542 626 ne
560 596 653 628 valent
675 609 722 638 pas
746 609 776 628 ce
797 608 853 639 que
870 609 940 629 vous
956 604 1075 642 perdrez
1088 605 1144 633 Mr.
1161 606 1187 634 le
1201 609 1276 634 Mar-

505 646 570 683 quis
593 646 620 674 &
642 656 713 675 vous
733 656 770 680 en
790 644 890 679 ceſſant
910 647 1003 681 d'être,
1019 651 1206 688 contraints.
1229 653 1273 679 Le

506 689 632 725 Mariage
654 689 805 721 clandeſtin
841 693 879 720 eſt
900 690 925 720 le
960 690 1052 721 moins
1080 694 1217 728 Mariage,
1245 697 1273 721 &

504 740 557 771 par
578 731 747 772 conſequent
769 733 795 764 le
816 732 962 768 meilleur;
994 744 1064 770 vous
1078 745 1112 764 ne
1127 734 1203 770 ſerez
1218 744 1275 776 que

507 779 573 812 trop
603 773 646 803 tôt
668 785 703 804 en
727 773 801 816 plein
825 777 961 814 Mariage,
984 776 1022 805 où
1044 786 1115 808 vous
1143 786 1227 810 aurez
1246 781 1273 808 le

503 814 583 847 loiſir
596 815 630 847 de
645 824 780 856 regreter
780 824 868 857 votre
883 823 1013 859 premier
1013 820 1098 860 état;
1108 824 1193 850 alors
1201 832 1272 850 vous

501 861 668 893 connoîtrez
688 861 714 893 la
736 861 882 901 langueur,
908 859 1024 902 l'ennui,
1049 865 1088 895 les
1109 862 1272 897 bâillemens

503 903 698 946 réciproques,
711 907 752 936 &
761 912 824 937 tous
841 902 885 937 les
903 905 995 950 autres
1011 904 1096 950 fruits
1111 910 1146 940 de
1166 909 1273 939 l’entie-

502 958 534 977 re
550 944 663 985 liberté,
687 949 713 978 &
735 958 806 980 vous
820 950 958 981 voudriez
971 951 1006 983 de
1021 957 1083 981 tout
1096 958 1180 980 votre
1195 961 1272 982 cœur

502 995 585 1024 avoir
601 993 742 1027 reſſuſcité
761 995 790 1027 la
801 996 905 1028 vieille
919 996 1027 1031 Tante.
1057 995 1272 1032 Pourroit-elle

499 1038 596 1074 jamais
617 1039 711 1068 croire
734 1038 837 1080 qu’elle
850 1040 896 1073 fût
903 1043 929 1074 ſi
944 1037 1016 1083 utile
1030 1041 1051 1084 à
1057 1038 1114 1080 une
1132 1039 1271 1084 perſonne

500 1078 606 1119 qu’elle
626 1081 701 1111 aime
716 1081 787 1111 auſſi
806 1090 863 1122 peu
885 1092 943 1124 que
970 1079 1054 1125 vous?
1079 1081 1138 1126 Elle
1154 1082 1182 1114 ſe
1203 1093 1272 1127 pen-

499 1126 576 1156 droit
592 1126 611 1157 ſi
625 1126 679 1157 elle
693 1125 721 1157 le
732 1126 833 1158 ſavoit.
877 1129 910 1165 Je
924 1127 983 1159 fais
983 1127 1128 1160 reflexion
1150 1128 1196 1162 ſur
1211 1128 1271 1160 cela

498 1165 569 1206 qu’il
584 1176 619 1196 ne
636 1166 696 1197 faut
708 1169 793 1209 point
801 1167 928 1203 vieillir;
945 1169 1054 1210 quand
1054 1175 1099 1211 on
1113 1172 1164 1202 eſt
1173 1173 1268 1208 vieux,

499 1220 537 1239 on
561 1211 599 1240 eſt
620 1210 753 1248 toûjours
767 1211 878 1252 attrapé
894 1222 954 1251 par
964 1212 1019 1242 les
1032 1215 1129 1252 jeunes
1145 1219 1219 1252 gens
1232 1213 1269 1244 de

500 1248 625 1292 quelque
653 1253 784 1292 maniere
784 1259 862 1293 que
887 1264 919 1283 ce
939 1255 1026 1286 ſoit.
1026 1257 1129 1287 Cette
1161 1262 1268 1295 pauvre

498 1296 594 1326 bonne
621 1299 746 1331 Femme,
766 1298 817 1337 qui
830 1308 873 1327 ne
887 1297 966 1329 vous
977 1304 1055 1330 veut
1072 1297 1136 1340 que
1148 1299 1185 1330 du
1202 1298 1269 1337 mal,

497 1349 569 1368 vous
583 1338 635 1369 fait
649 1347 745 1368 entrer
760 1339 882 1380 pendant
896 1339 922 1370 ſa
936 1339 995 1372 vie
995 1339 1063 1373 dans
1079 1348 1117 1371 un
1132 1350 1269 1373 commer-

496 1390 527 1410 ce
542 1380 576 1409 de
594 1378 747 1418 galanterie
767 1380 836 1413 dont
851 1391 920 1413 vous
933 1389 977 1414 ne
977 1384 1144 1415 meriteriez
1166 1394 1213 1425 pas
1226 1388 1267 1414 les

495 1424 614 1466 plaiſirs,
635 1426 664 1455 &
682 1424 765 1468 après
788 1424 815 1457 ſa
833 1433 911 1458 mort
927 1436 1007 1472 pour
1027 1430 1179 1461 continuer
1203 1431 1267 1461 toû-

495 1472 573 1507 jours
596 1470 685 1503 d’être
706 1479 790 1503 votre
812 1471 897 1514 dupe,
915 1472 974 1504 elle
996 1483 1067 1506 vous
1089 1473 1198 1507 laiſſera
1219 1475 1268 1506 dix

495 1513 574 1544 mille
593 1512 679 1545 livres
694 1514 728 1545 de
745 1521 834 1549 rente.
876 1517 917 1547 La
936 1514 1012 1548 voilà
1027 1517 1104 1548 bien.
