<?xml version='1.0' encoding='utf-8'?>
<PcGts xmlns="http://schema.primaresearch.org/PAGE/gts/pagecontent/2019-07-15" xmlns:xsi="http://www.w3.org/2001/XMLSchema-instance" pcGtsId="PAGE_01" xsi:schemaLocation="http://schema.primaresearch.org/PAGE/gts/pagecontent/2019-07-15 http://schema.primaresearch.org/PAGE/gts/pagecontent/2019-07-15/pagecontent.xsd">
  <Metadata>
    <Creator>OCR-D DFG Phase III</Creator>
    <Created>2024-01-19T13:11:05Z</Created>
    <LastChange>2024-01-19T13:11:05Z</LastChange>
    <Comments>ODEM: OCR-D extension for mass digitization (2021-2024)</Comments>
  </Metadata>
  <Page imageFilename="MAX/urn+nbn+de+gbv+3+1-842236-p0245-0_fre.png" imageWidth="1576" imageHeight="2101" type="content" primaryLanguage="French">
    <Border>
      <Coords points="130,129 121,1963 1154,1975 1164,137"/>
    </Border>
    <ReadingOrder>
      <OrderedGroup id="ro_1660557857129" caption="Regions reading order">
        <RegionRefIndexed index="0" regionRef="region0001"/>
        <RegionRefIndexed index="1" regionRef="region0002"/>
        <RegionRefIndexed index="2" regionRef="region0003"/>
        <RegionRefIndexed index="3" regionRef="region0004"/>
        <RegionRefIndexed index="4" regionRef="region0005"/>
        <RegionRefIndexed index="5" regionRef="TextRegion_1660557240620_4254"/>
        <RegionRefIndexed index="6" regionRef="TextRegion_1660557240620_4253"/>
        <RegionRefIndexed index="7" regionRef="region0007"/>
      </OrderedGroup>
    </ReadingOrder>
    <TextRegion orientation="-0.3348879" readingDirection="left-to-right" id="region0001" custom="readingOrder {index:0;}">
      <Coords points="198,287 998,287 998,639 198,639"/>
      <TextLine id="region0001_line0002" custom="readingOrder {index:0;}">
        <Coords points="660,279 615,281 607,290 572,287 565,279 557,279 550,281 545,287 519,289 501,289 497,281 446,281 439,282 434,289 387,281 356,290 348,283 339,283 330,291 233,291 217,296 199,296 198,330 224,332 301,330 318,333 323,330 367,329 379,324 415,333 434,329 491,331 495,328 530,328 542,322 553,323 558,327 581,328 589,331 609,327 686,328 723,323 744,326 748,323 783,324 790,329 810,326 814,329 879,329 901,333 934,331 940,326 961,327 966,331 997,331 998,291 788,290 781,283 772,283 766,291 722,290 714,281"/>
        <Baseline points="198,321 730,315 997,320"/>
        <Word id="word_1660557287670_4269" custom="readingOrder {index:0;}">
          <Coords points="208,296 247,293 282,293 281,313 228,318 207,317"/>
          <TextEquiv>
            <Unicode>„ce</Unicode>
          </TextEquiv>
        </Word>
        <Word id="region0001_line0002_word0002" custom="readingOrder {index:1;}">
          <Coords points="299,323 345,323 346,286 335,286 330,291 299,291"/>
          <TextEquiv conf="0.93248695">
            <Unicode>qui</Unicode>
          </TextEquiv>
        </Word>
        <Word id="region0001_line0002_word0003" custom="readingOrder {index:2;}">
          <Coords points="363,314 401,315 402,286 372,285 363,287"/>
          <TextEquiv>
            <Unicode>eſt</Unicode>
          </TextEquiv>
        </Word>
        <Word id="region0001_line0002_word0004" custom="readingOrder {index:3;}">
          <Coords points="415,286 414,324 535,324 535,287 519,289 501,289 499,286 436,286 434,289 416,286"/>
          <TextEquiv>
            <Unicode>paſſager</Unicode>
          </TextEquiv>
        </Word>
        <Word id="region0001_line0002_word0005" custom="readingOrder {index:4;}">
          <Coords points="549,286 548,315 572,316 573,287 572,287 572,287"/>
          <TextEquiv conf="0.92750245">
            <Unicode>&amp;</Unicode>
          </TextEquiv>
        </Word>
        <Word id="region0001_line0002_word0006" custom="readingOrder {index:5;}">
          <Coords points="590,289 589,324 710,325 723,323 737,325 744,325 745,291 722,290 722,290 608,289 607,290 596,289"/>
          <TextEquiv>
            <Unicode>périſſable,</Unicode>
          </TextEquiv>
        </Word>
        <Word id="region0001_line0002_word0007" custom="readingOrder {index:6;}">
          <Coords points="767,290 766,291 766,291 765,317 798,317 799,290 788,290"/>
          <TextEquiv conf="0.7849091">
            <Unicode>de</Unicode>
          </TextEquiv>
        </Word>
        <Word id="region0001_line0002_word0008" custom="readingOrder {index:7;}">
          <Coords points="815,297 851,297 850,317 814,317"/>
          <TextEquiv conf="0.9700077">
            <Unicode>ne</Unicode>
          </TextEquiv>
        </Word>
        <Word id="region0001_line0002_word0009" custom="readingOrder {index:8;}">
          <Coords points="866,292 994,293 993,326 865,325"/>
          <TextEquiv conf="0.9668367">
            <Unicode>regarder</Unicode>
          </TextEquiv>
        </Word>
        <TextEquiv>
          <Unicode>„ce qui eſt paſſager &amp; périſſable, de ne regarder</Unicode>
        </TextEquiv>
      </TextLine>
      <TextLine id="region0001_line0003" custom="readingOrder {index:1;}">
        <Coords points="748,324 744,327 723,324 686,329 609,328 590,332 581,329 558,328 553,324 542,323 530,329 495,329 491,332 434,330 415,334 379,325 367,330 323,331 318,334 301,331 198,332 198,367 221,371 241,368 273,368 280,364 291,364 298,368 345,368 377,366 383,362 391,362 398,366 414,367 444,366 449,363 466,366 597,364 629,367 795,367 829,366 834,363 849,363 860,369 873,362 890,362 896,366 915,368 997,368 997,332 966,332 961,328 948,327 940,327 934,332 910,334 879,330 814,330 810,327 799,327 790,331 783,325"/>
        <Baseline points="198,358 997,358"/>
        <Word id="word_1660557290738_4273" custom="readingOrder {index:0;}">
          <Coords points="207,335 248,333 355,333 355,354 227,357 207,357"/>
          <TextEquiv>
            <Unicode>„aucune</Unicode>
          </TextEquiv>
        </Word>
        <Word id="region0001_line0003_word0002" custom="readingOrder {index:1;}">
          <Coords points="376,326 371,328 371,353 405,354 405,331 384,326"/>
          <TextEquiv conf="0.9659016">
            <Unicode>de</Unicode>
          </TextEquiv>
        </Word>
        <Word id="region0001_line0003_word0003" custom="readingOrder {index:2;}">
          <Coords points="418,336 464,336 464,355 418,355"/>
          <TextEquiv conf="0.9329808">
            <Unicode>ces</Unicode>
          </TextEquiv>
        </Word>
        <Word id="region0001_line0003_word0004" custom="readingOrder {index:3;}">
          <Coords points="534,326 530,329 495,329 491,332 479,331 479,356 576,357 576,328 558,328 556,326"/>
          <TextEquiv>
            <Unicode>choſes</Unicode>
          </TextEquiv>
        </Word>
        <Word id="region0001_line0003_word0005" custom="readingOrder {index:4;}">
          <Coords points="587,336 698,336 698,357 587,357"/>
          <TextEquiv>
            <Unicode>comme</Unicode>
          </TextEquiv>
        </Word>
        <Word id="region0001_line0003_word0006" custom="readingOrder {index:5;}">
          <Coords points="716,329 716,356 846,357 846,330 814,330 814,330 793,330 790,331 788,330"/>
          <TextEquiv>
            <Unicode>déſirable</Unicode>
          </TextEquiv>
        </Word>
        <Word id="region0001_line0003_word0007" custom="readingOrder {index:6;}">
          <Coords points="910,364 910,338 862,338 862,364 869,364 873,362 890,362 893,364"/>
          <TextEquiv conf="0.93275034">
            <Unicode>par</Unicode>
          </TextEquiv>
        </Word>
        <Word id="region0001_line0003_word0008" custom="readingOrder {index:7;}">
          <Coords points="936,330 934,332 925,332 925,357 993,357 993,332 966,332 963,330"/>
          <TextEquiv conf="0.8300016">
            <Unicode>elle-</Unicode>
          </TextEquiv>
        </Word>
        <TextEquiv>
          <Unicode>„aucune de ces choſes comme déſirable par elle-</Unicode>
        </TextEquiv>
      </TextLine>
      <TextLine id="region0001_line0004" custom="readingOrder {index:2;}">
        <Coords points="873,363 860,370 849,364 753,369 623,368 603,365 466,367 449,364 444,367 398,367 391,363 383,363 377,367 345,369 298,369 291,365 280,365 273,369 241,369 221,372 198,370 198,405 224,409 239,407 244,403 255,403 262,407 294,406 301,402 315,406 334,406 345,401 363,404 369,400 378,400 385,404 431,405 435,402 478,405 491,402 497,406 520,408 551,400 560,400 567,404 587,405 624,400 654,403 669,409 694,404 755,405 780,409 793,406 890,403 912,404 917,409 942,407 947,404 963,407 997,407 997,369 915,369 896,367 890,363"/>
        <Baseline points="198,396 997,398"/>
        <Word id="word_1660557293055_4277" custom="readingOrder {index:0;}">
          <Coords points="206,376 249,369 278,366 292,366 356,368 356,397 228,400 206,399"/>
          <TextEquiv>
            <Unicode>„même,</Unicode>
          </TextEquiv>
        </Word>
        <Word id="region0001_line0004_word0002" custom="readingOrder {index:1;}">
          <Coords points="375,395 409,396 409,368 376,367 375,367"/>
          <TextEquiv conf="0.96589583">
            <Unicode>de</Unicode>
          </TextEquiv>
        </Word>
        <Word id="region0001_line0004_word0003" custom="readingOrder {index:2;}">
          <Coords points="433,368 497,368 497,397 433,397"/>
          <TextEquiv conf="0.96468496">
            <Unicode>n’en</Unicode>
          </TextEquiv>
        </Word>
        <Word id="region0001_line0004_word0004" custom="readingOrder {index:3;}">
          <Coords points="633,371 516,370 516,404 534,404 551,400 560,400 567,404 577,404 589,404 624,400 633,400"/>
          <TextEquiv conf="0.47634476">
            <Unicode>prendre</Unicode>
          </TextEquiv>
        </Word>
        <Word id="region0001_line0004_word0005" custom="readingOrder {index:4;}">
          <Coords points="709,404 709,376 656,376 656,404 656,404 694,404"/>
          <TextEquiv conf="0.9616336">
            <Unicode>que</Unicode>
          </TextEquiv>
        </Word>
        <Word id="region0001_line0004_word0006" custom="readingOrder {index:5;}">
          <Coords points="725,377 756,378 756,395 725,394"/>
          <TextEquiv conf="0.84379506">
            <Unicode>ce</Unicode>
          </TextEquiv>
        </Word>
        <Word id="region0001_line0004_word0007" custom="readingOrder {index:6;}">
          <Coords points="770,379 816,379 816,405 770,405"/>
          <TextEquiv conf="0.9329121">
            <Unicode>qui</Unicode>
          </TextEquiv>
        </Word>
        <Word id="region0001_line0004_word0008" custom="readingOrder {index:7;}">
          <Coords points="834,369 834,398 901,398 901,369 861,369 860,370 858,369"/>
          <TextEquiv>
            <Unicode>ſuffit</Unicode>
          </TextEquiv>
        </Word>
        <Word id="region0001_line0004_word0009" custom="readingOrder {index:8;}">
          <Coords points="992,380 920,380 920,407 942,407 947,404 963,407 992,407"/>
          <TextEquiv conf="0.96519">
            <Unicode>pour</Unicode>
          </TextEquiv>
        </Word>
        <TextEquiv>
          <Unicode>„même, de n’en prendre que ce qui ſuffit pour</Unicode>
        </TextEquiv>
      </TextLine>
      <TextLine id="region0001_line0005" custom="readingOrder {index:3;}">
        <Coords points="624,401 587,406 567,405 560,401 551,401 520,409 497,407 491,403 478,406 435,403 431,406 397,406 369,401 363,405 345,402 334,407 315,407 301,403 294,407 271,408 244,404 239,408 224,410 198,409 199,445 217,448 249,445 254,441 269,444 357,444 392,439 433,442 438,439 453,443 524,443 543,438 585,444 653,444 661,447 672,446 675,443 727,442 731,439 744,440 749,443 810,443 829,439 836,443 866,444 871,447 918,444 923,441 998,445 997,408 963,408 947,405 942,408 917,410 912,405 890,404 793,407 780,410 755,406 694,405 669,410 654,404"/>
        <Baseline points="199,435 998,435"/>
        <Word id="word_1660557295818_4281" custom="readingOrder {index:0;}">
          <Coords points="206,414 248,405 250,405 287,407 287,433 225,437 206,437"/>
          <TextEquiv>
            <Unicode>„les</Unicode>
          </TextEquiv>
        </Word>
        <Word id="region0001_line0005_word0002" custom="readingOrder {index:1;}">
          <Coords points="303,405 303,434 412,435 412,406 397,406 396,406 338,405 334,407 315,407 308,405"/>
          <TextEquiv>
            <Unicode>beſoins</Unicode>
          </TextEquiv>
        </Word>
        <Word id="region0001_line0005_word0003" custom="readingOrder {index:2;}">
          <Coords points="429,408 464,408 464,434 429,434"/>
          <TextEquiv conf="0.9661555">
            <Unicode>de</Unicode>
          </TextEquiv>
        </Word>
        <Word id="region0001_line0005_word0004" custom="readingOrder {index:3;}">
          <Coords points="485,408 485,434 510,434 510,408 508,408"/>
          <TextEquiv conf="0.96010995">
            <Unicode>la</Unicode>
          </TextEquiv>
        </Word>
        <Word id="region0001_line0005_word0005" custom="readingOrder {index:4;}">
          <Coords points="594,439 594,408 535,407 535,438 543,438 543,438 544,438"/>
          <TextEquiv conf="0.9328964">
            <Unicode>vie,</Unicode>
          </TextEquiv>
        </Word>
        <Word id="region0001_line0005_word0006" custom="readingOrder {index:5;}">
          <Coords points="616,408 641,408 641,435 616,435"/>
          <TextEquiv conf="0.9035641">
            <Unicode>&amp;</Unicode>
          </TextEquiv>
        </Word>
        <Word id="region0001_line0005_word0007" custom="readingOrder {index:6;}">
          <Coords points="731,415 661,415 661,443 675,443 727,442 731,439"/>
          <TextEquiv conf="0.96394175">
            <Unicode>pour</Unicode>
          </TextEquiv>
        </Word>
        <Word id="region0001_line0005_word0008" custom="readingOrder {index:7;}">
          <Coords points="753,416 786,416 786,435 753,435"/>
          <TextEquiv conf="0.96394175">
            <Unicode>en</Unicode>
          </TextEquiv>
        </Word>
        <Word id="region0001_line0005_word0009" custom="readingOrder {index:8;}">
          <Coords points="812,409 812,443 829,439 836,443 845,443 918,444 923,441 924,441 924,410 918,410 917,410 917,410"/>
          <TextEquiv conf="0.9631615">
            <Unicode>remplir</Unicode>
          </TextEquiv>
        </Word>
        <Word id="region0001_line0005_word0010" custom="readingOrder {index:9;}">
          <Coords points="951,411 992,411 992,438 951,438"/>
          <TextEquiv conf="0.9682957">
            <Unicode>les</Unicode>
          </TextEquiv>
        </Word>
        <TextEquiv>
          <Unicode>„les beſoins de la vie, &amp; pour en remplir les</Unicode>
        </TextEquiv>
      </TextLine>
      <TextLine id="region0001_line0006" custom="readingOrder {index:4;}">
        <Coords points="823,440 810,444 772,445 731,440 727,443 675,444 667,448 653,445 570,444 550,439 524,444 453,444 445,440 433,443 392,440 357,445 269,445 254,442 249,446 217,449 199,448 199,483 217,486 241,483 347,483 361,478 367,478 375,483 453,482 457,479 491,482 530,481 536,477 554,485 590,486 626,481 697,482 710,485 738,481 824,482 831,478 839,478 844,482 928,482 941,479 998,483 998,446 923,442 918,445 871,448 866,445 836,444"/>
        <Baseline points="199,474 998,473"/>
        <Word id="word_1660557298062_4285" custom="readingOrder {index:0;}">
          <Coords points="204,453 251,444 376,444 376,475 247,475 225,475 204,475"/>
          <TextEquiv>
            <Unicode>„devoirs,</Unicode>
          </TextEquiv>
        </Word>
        <Word id="region0001_line0006_word0002" custom="readingOrder {index:1;}">
          <Coords points="388,443 413,444 413,473 388,472"/>
          <TextEquiv conf="0.9267226">
            <Unicode>&amp;</Unicode>
          </TextEquiv>
        </Word>
        <Word id="region0001_line0006_word0003" custom="readingOrder {index:2;}">
          <Coords points="431,444 464,444 464,472 431,472"/>
          <TextEquiv conf="0.96247673">
            <Unicode>de</Unicode>
          </TextEquiv>
        </Word>
        <Word id="region0001_line0006_word0004" custom="readingOrder {index:3;}">
          <Coords points="479,454 513,454 513,473 479,473"/>
          <TextEquiv conf="0.96847665">
            <Unicode>ne</Unicode>
          </TextEquiv>
        </Word>
        <Word id="region0001_line0006_word0005" custom="readingOrder {index:4;}">
          <Coords points="570,480 570,446 529,445 529,480 531,480 536,477 542,480"/>
          <TextEquiv conf="0.9646561">
            <Unicode>s’y</Unicode>
          </TextEquiv>
        </Word>
        <Word id="region0001_line0006_word0006" custom="readingOrder {index:5;}">
          <Coords points="586,453 680,453 680,481 586,481"/>
          <TextEquiv conf="0.9312431">
            <Unicode>porter</Unicode>
          </TextEquiv>
        </Word>
        <Word id="region0001_line0006_word0007" custom="readingOrder {index:6;}">
          <Coords points="812,446 697,445 697,481 735,481 738,481 812,481"/>
          <TextEquiv conf="0.8902485">
            <Unicode>qu’avec</Unicode>
          </TextEquiv>
        </Word>
        <Word id="region0001_line0006_word0008" custom="readingOrder {index:7;}">
          <Coords points="823,446 847,446 847,473 823,473"/>
          <TextEquiv conf="0.962907">
            <Unicode>la</Unicode>
          </TextEquiv>
        </Word>
        <Word id="word_1660557452170_4418" custom="readingOrder {index:8;}">
          <Coords points="866,456 926,447 993,447 993,475 926,475 866,474"/>
          <TextEquiv>
            <Unicode>modéra-</Unicode>
          </TextEquiv>
        </Word>
        <TextEquiv>
          <Unicode>„devoirs, &amp; de ne s’y porter qu’avec la modéra-</Unicode>
        </TextEquiv>
      </TextLine>
      <TextLine id="region0001_line0007" custom="readingOrder {index:5;}">
        <Coords points="831,479 824,483 738,482 710,486 697,483 626,482 590,487 554,486 536,478 530,482 474,483 469,480 457,480 453,483 374,484 367,479 361,479 346,484 225,484 217,487 198,487 198,521 221,524 262,521 268,517 280,517 288,521 327,520 334,523 345,517 491,521 587,520 592,517 610,517 617,521 644,521 663,525 673,521 700,520 707,515 718,514 741,516 746,520 879,516 915,525 924,524 932,518 939,518 945,522 997,521 998,484 959,483 953,480 928,483 844,483 839,479"/>
        <Baseline points="198,512 997,512"/>
        <Word id="word_1660557300796_4289" custom="readingOrder {index:0;}">
          <Coords points="203,491 246,486 307,486 307,508 222,511 203,511"/>
          <TextEquiv>
            <Unicode>„tion</Unicode>
          </TextEquiv>
        </Word>
        <Word id="region0001_line0007_word0002" custom="readingOrder {index:1;}">
          <Coords points="358,480 346,484 322,484 322,517 345,517 369,517 369,481 368,480"/>
          <TextEquiv conf="0.96134996">
            <Unicode>qui</Unicode>
          </TextEquiv>
        </Word>
        <Word id="region0001_line0007_word0003" custom="readingOrder {index:2;}">
          <Coords points="454,483 453,483 384,484 383,510 517,511 518,483 487,483 474,483 473,483"/>
          <TextEquiv conf="0.96134996">
            <Unicode>convient</Unicode>
          </TextEquiv>
        </Word>
        <Word id="region0001_line0007_word0004" custom="readingOrder {index:3;}">
          <Coords points="534,482 533,508 547,508 547,483 545,482"/>
          <TextEquiv conf="0.9627005">
            <Unicode>à</Unicode>
          </TextEquiv>
        </Word>
        <Word id="region0001_line0007_word0005" custom="readingOrder {index:4;}">
          <Coords points="562,490 632,491 632,510 562,509"/>
          <TextEquiv conf="0.9627005">
            <Unicode>ceux</Unicode>
          </TextEquiv>
        </Word>
        <Word id="region0001_line0007_word0006" custom="readingOrder {index:5;}">
          <Coords points="649,490 695,490 695,519 649,519"/>
          <TextEquiv conf="0.96134543">
            <Unicode>qui</Unicode>
          </TextEquiv>
        </Word>
        <Word id="region0001_line0007_word0007" custom="readingOrder {index:6;}">
          <Coords points="718,491 752,492 752,511 718,510"/>
          <TextEquiv conf="0.96251917">
            <Unicode>ne</Unicode>
          </TextEquiv>
        </Word>
        <Word id="region0001_line0007_word0008" custom="readingOrder {index:7;}">
          <Coords points="777,483 890,483 889,512 776,512"/>
          <TextEquiv conf="0.96438235">
            <Unicode>veulent</Unicode>
          </TextEquiv>
        </Word>
        <Word id="region0001_line0007_word0009" custom="readingOrder {index:8;}">
          <Coords points="991,520 992,485 906,484 905,519 930,519 932,518 939,518 941,519"/>
          <TextEquiv conf="0.9646198">
            <Unicode>qu’en</Unicode>
          </TextEquiv>
        </Word>
        <TextEquiv>
          <Unicode>„tion qui convient à ceux qui ne veulent qu’en</Unicode>
        </TextEquiv>
      </TextLine>
      <TextLine id="region0001_line0008" custom="readingOrder {index:6;}">
        <Coords points="718,515 707,516 700,521 673,522 663,526 644,522 617,522 610,518 592,518 587,521 491,522 345,518 334,524 327,521 288,522 280,518 268,518 262,522 227,524 222,527 198,527 198,560 222,563 241,560 306,557 317,559 322,556 437,559 442,562 456,562 462,558 480,555 490,558 651,559 663,563 674,556 715,558 769,556 778,559 801,559 827,558 835,555 859,558 881,555 888,558 894,554 903,554 910,558 956,559 969,555 976,559 997,559 997,522 945,523 939,519 932,519 924,525 915,526 879,517 746,521 741,517"/>
        <Baseline points="198,551 997,549"/>
        <Word id="word_1660557303484_4293" custom="readingOrder {index:0;}">
          <Coords points="205,531 247,522 265,520 323,527 323,560 247,553 205,551"/>
          <TextEquiv>
            <Unicode>„uſer,</Unicode>
          </TextEquiv>
        </Word>
        <Word id="region0001_line0008_word0002" custom="readingOrder {index:1;}">
          <Coords points="359,518 345,518 339,521 339,556 359,556"/>
          <TextEquiv conf="0.9050524">
            <Unicode>&amp;</Unicode>
          </TextEquiv>
        </Word>
        <Word id="region0001_line0008_word0003" custom="readingOrder {index:2;}">
          <Coords points="374,527 429,528 429,548 374,547"/>
          <TextEquiv conf="0.9582026">
            <Unicode>non</Unicode>
          </TextEquiv>
        </Word>
        <Word id="region0001_line0008_word0004" custom="readingOrder {index:3;}">
          <Coords points="494,557 494,529 445,529 445,557 468,557 480,555 486,557"/>
          <TextEquiv conf="0.96743757">
            <Unicode>pas</Unicode>
          </TextEquiv>
        </Word>
        <Word id="region0001_line0008_word0005" custom="readingOrder {index:4;}">
          <Coords points="509,529 577,530 577,550 509,549"/>
          <TextEquiv conf="0.932979">
            <Unicode>avec</Unicode>
          </TextEquiv>
        </Word>
        <Word id="region0001_line0008_word0006" custom="readingOrder {index:5;}">
          <Coords points="594,521 594,558 670,558 674,556 715,558 769,556 777,558 803,558 823,558 823,522 688,521 673,522 663,526 644,522 617,522 615,521"/>
          <TextEquiv>
            <Unicode>l’empreſſement</Unicode>
          </TextEquiv>
        </Word>
        <Word id="region0001_line0008_word0007" custom="readingOrder {index:6;}">
          <Coords points="838,524 863,524 863,552 838,552"/>
          <TextEquiv conf="0.8873885">
            <Unicode>&amp;</Unicode>
          </TextEquiv>
        </Word>
        <Word id="region0001_line0008_word0008" custom="readingOrder {index:7;}">
          <Coords points="874,524 874,552 992,553 992,525 925,524 924,525 915,526 908,524"/>
          <TextEquiv conf="0.8873885">
            <Unicode>l’ardeur</Unicode>
          </TextEquiv>
        </Word>
        <TextEquiv>
          <Unicode>„uſer, &amp; non pas avec l’empreſſement &amp; l’ardeur</Unicode>
        </TextEquiv>
      </TextLine>
      <TextLine id="region0001_line0009" custom="readingOrder {index:7;}">
        <Coords points="894,555 888,559 881,556 867,559 835,556 827,559 801,560 778,560 769,557 715,559 674,557 663,564 651,560 490,559 484,556 462,559 456,563 442,563 437,560 338,557 322,557 317,560 306,558 241,561 219,565 198,565 198,599 240,600 247,595 253,595 261,602 274,598 315,597 577,598 635,599 642,606 654,606 663,599 690,598 876,598 899,603 905,599 997,598 997,560 976,560 969,556 956,560 910,559 903,555"/>
        <Baseline points="198,589 997,588"/>
        <Word id="word_1660557305678_4297" custom="readingOrder {index:0;}">
          <Coords points="205,570 248,566 303,566 303,594 248,594 205,588"/>
          <TextEquiv>
            <Unicode>„que</Unicode>
          </TextEquiv>
        </Word>
        <Word id="region0001_line0009_word0002" custom="readingOrder {index:1;}">
          <Coords points="321,560 377,560 377,588 321,588"/>
          <TextEquiv conf="0.9580505">
            <Unicode>l’on</Unicode>
          </TextEquiv>
        </Word>
        <Word id="region0001_line0009_word0003" custom="readingOrder {index:2;}">
          <Coords points="395,565 455,566 455,588 395,587"/>
          <TextEquiv conf="0.9688785">
            <Unicode>voit</Unicode>
          </TextEquiv>
        </Word>
        <Word id="region0001_line0009_word0004" custom="readingOrder {index:3;}">
          <Coords points="469,561 535,561 535,588 469,588"/>
          <TextEquiv conf="0.96181595">
            <Unicode>dans</Unicode>
          </TextEquiv>
        </Word>
        <Word id="region0001_line0009_word0005" custom="readingOrder {index:4;}">
          <Coords points="548,567 619,568 619,588 548,587"/>
          <TextEquiv conf="0.96355575">
            <Unicode>ceux</Unicode>
          </TextEquiv>
        </Word>
        <Word id="region0001_line0009_word0006" custom="readingOrder {index:5;}">
          <Coords points="637,561 637,597 684,597 684,561 667,561 663,564 654,561"/>
          <TextEquiv conf="0.9604746">
            <Unicode>qui</Unicode>
          </TextEquiv>
        </Word>
        <Word id="region0001_line0009_word0007" custom="readingOrder {index:6;}">
          <Coords points="700,568 735,568 735,589 700,589"/>
          <TextEquiv conf="0.96545655">
            <Unicode>en</Unicode>
          </TextEquiv>
        </Word>
        <Word id="region0001_line0009_word0008" custom="readingOrder {index:7;}">
          <Coords points="750,563 814,563 814,591 750,591"/>
          <TextEquiv conf="0.9689105">
            <Unicode>font</Unicode>
          </TextEquiv>
        </Word>
        <Word id="region0001_line0009_word0009" custom="readingOrder {index:8;}">
          <Coords points="934,564 833,563 833,598 876,598 878,598 918,598 934,598"/>
          <TextEquiv conf="0.7707468">
            <Unicode>l'objet</Unicode>
          </TextEquiv>
        </Word>
        <Word id="region0001_line0009_word0010" custom="readingOrder {index:9;}">
          <Coords points="954,563 991,563 991,592 954,592"/>
          <TextEquiv conf="0.9682106">
            <Unicode>de</Unicode>
          </TextEquiv>
        </Word>
        <TextEquiv>
          <Unicode>„que l’on voit dans ceux qui en font l'objet de</Unicode>
        </TextEquiv>
      </TextLine>
      <TextLine id="region0001_line0010" custom="readingOrder {index:8;}">
        <Coords points="247,596 229,607 198,608 198,638 457,637 470,627 470,602 465,598 274,599 261,603 253,596"/>
        <Baseline points="198,630 470,627"/>
        <Word id="word_1660557307994_4301" custom="readingOrder {index:0;}">
          <Coords points="207,614 250,599 309,599 309,629 230,633 207,632"/>
          <TextEquiv>
            <Unicode>„leur</Unicode>
          </TextEquiv>
        </Word>
        <Word id="region0001_line0010_word0002" custom="readingOrder {index:1;}">
          <Coords points="322,608 429,609 429,629 322,628"/>
          <TextEquiv conf="0.8861815">
            <Unicode>amour.</Unicode>
          </TextEquiv>
        </Word>
        <TextEquiv>
          <Unicode>„leur amour.</Unicode>
        </TextEquiv>
      </TextLine>
      <TextEquiv>
        <Unicode>„ce qui eſt paſſager &amp; périſſable, de ne regarder&#13;
„aucune de ces choſes comme déſirable par elle-&#13;
„même, de n’en prendre que ce qui ſuffit pour&#13;
„les beſoins de la vie, &amp; pour en remplir les&#13;
„devoirs, &amp; de ne s’y porter qu’avec la modéra-&#13;
„tion qui convient à ceux qui ne veulent qu’en&#13;
„uſer, &amp; non pas avec l’empreſſement &amp; l’ardeur&#13;
„que l’on voit dans ceux qui en font l'objet de&#13;
„leur amour.</Unicode>
      </TextEquiv>
    </TextRegion>
    <TextRegion orientation="-0.3348879" type="heading" readingDirection="left-to-right" id="region0002" custom="readingOrder {index:1;} structure {type:heading;}">
      <Coords points="259,670 934,670 934,724 259,724"/>
      <TextLine id="region0002_line0001" custom="readingOrder {index:0;}">
        <Coords points="766,670 259,670 259,720 514,719 809,720 846,723 933,724 933,671"/>
        <Word id="region0002_line0001_word0000" custom="readingOrder {index:0;}">
          <Coords points="554,690 265,688 265,719 514,719 554,719"/>
          <TextEquiv>
            <Unicode>DIXIE'ME</Unicode>
          </TextEquiv>
        </Word>
        <Word id="region0002_line0001_word0001" custom="readingOrder {index:1;}">
          <Coords points="849,692 586,690 586,719 809,720 846,723 849,723"/>
          <TextEquiv conf="0.8386232">
            <Unicode>LETTRE.</Unicode>
          </TextEquiv>
        </Word>
        <Word id="region0002_line0001_word0002" custom="readingOrder {index:2;}">
          <Coords points="930,690 876,690 876,723 930,723"/>
          <TextEquiv conf="0.9647154">
            <Unicode>(1)</Unicode>
          </TextEquiv>
        </Word>
        <TextEquiv>
          <Unicode>DIXIE'ME LETTRE. (1)</Unicode>
        </TextEquiv>
      </TextLine>
      <TextEquiv>
        <Unicode>DIXIE'ME LETTRE. (1)</Unicode>
      </TextEquiv>
    </TextRegion>
    <TextRegion orientation="-0.3348879" readingDirection="left-to-right" id="region0003" custom="readingOrder {index:2;}">
      <Coords points="200,755 994,755 994,968 200,968"/>
      <TextLine id="region0003_line0001" custom="readingOrder {index:0;}">
        <Coords points="677,755 555,755 551,760 547,760 544,755 524,755 521,761 507,762 369,761 368,755 359,755 299,756 298,762 270,762 260,756 205,755 201,756 201,802 217,802 229,799 283,799 299,802 304,807 316,808 348,806 353,800 442,802 455,798 461,808 471,808 477,806 480,798 535,797 567,806 624,808 638,806 643,802 735,801 759,798 765,801 805,801 815,807 835,808 845,806 854,800 914,802 930,799 935,802 994,802 994,762 773,758 733,761 690,760"/>
        <Baseline points="201,792 994,793"/>
        <Word id="region0003_line0001_word0000" custom="readingOrder {index:0;} textStyle {offset:0; length:13;italic:true; fontSize:0.0; kerning:0;}">
          <Coords points="206,761 206,802 217,802 229,799 283,799 299,802 302,805 349,805 353,800 441,802 441,763 298,762 298,762 270,762 269,762"/>
          <TextEquiv>
            <Unicode>Adouciſſemens</Unicode>
          </TextEquiv>
        </Word>
        <Word id="region0003_line0001_word0001" custom="readingOrder {index:1;} textStyle {offset:0; length:3;italic:true; fontSize:0.0; kerning:0;}">
          <Coords points="513,773 457,773 457,801 459,806 477,806 480,798 513,797"/>
          <TextEquiv conf="0.9677369">
            <Unicode>que</Unicode>
          </TextEquiv>
        </Word>
        <Word id="region0003_line0001_word0002" custom="readingOrder {index:2;} textStyle {offset:0; length:3;italic:true; fontSize:0.0; kerning:0;}">
          <Coords points="529,764 569,765 569,796 529,795"/>
          <TextEquiv conf="0.93244827">
            <Unicode>les</Unicode>
          </TextEquiv>
        </Word>
        <Word id="region0003_line0001_word0003" custom="readingOrder {index:3;} textStyle {offset:0; length:8;italic:true; fontSize:0.0; kerning:0;}">
          <Coords points="717,765 585,765 585,806 595,807 631,807 638,806 643,802 717,801"/>
          <TextEquiv>
            <Unicode>Jéſuites</Unicode>
          </TextEquiv>
        </Word>
        <Word id="region0003_line0001_word0004" custom="readingOrder {index:4;} textStyle {offset:0; length:3;italic:true; fontSize:0.0; kerning:0;}">
          <Coords points="734,770 783,771 783,796 734,795"/>
          <TextEquiv conf="0.96458054">
            <Unicode>ont</Unicode>
          </TextEquiv>
        </Word>
        <Word id="region0003_line0001_word0005" custom="readingOrder {index:5;} textStyle {offset:0; length:8;italic:true; fontSize:0.0; kerning:0;}">
          <Coords points="935,772 800,771 800,801 805,801 813,806 843,806 845,806 854,800 914,802 930,799 935,802"/>
          <TextEquiv conf="0.96731454">
            <Unicode>apportez</Unicode>
          </TextEquiv>
        </Word>
        <Word id="region0003_line0001_word0006" custom="readingOrder {index:6;} textStyle {offset:0; length:2;italic:true; fontSize:0.0; kerning:0;}">
          <Coords points="949,776 990,776 990,797 949,797"/>
          <TextEquiv conf="0.3146158">
            <Unicode>au</Unicode>
          </TextEquiv>
        </Word>
        <TextEquiv>
          <Unicode>Adouciſſemens que les Jéſuites ont apportez au</Unicode>
        </TextEquiv>
      </TextLine>
      <TextLine id="region0003_line0002" custom="readingOrder {index:1;}">
        <Coords points="748,799 741,804 644,803 638,807 624,809 567,807 535,798 480,799 478,806 471,809 461,809 455,799 442,803 367,803 352,804 343,808 316,809 291,805 283,800 229,800 217,803 216,813 201,814 200,841 311,844 318,840 330,843 402,843 410,839 421,839 426,843 511,844 524,839 573,839 580,843 638,843 644,840 658,840 661,848 679,850 686,843 706,839 719,843 743,840 767,843 774,840 807,839 866,843 911,844 920,840 936,840 942,843 966,841 973,844 993,844 994,804 949,805 920,800 913,804 850,804 834,809 815,808 806,804 766,804 759,799"/>
        <Baseline points="201,834 994,833"/>
        <Word id="region0003_line0002_word0000" custom="readingOrder {index:0;} textStyle {offset:0; length:9;italic:true; fontSize:0.0; kerning:0;}">
          <Coords points="248,802 248,834 418,835 418,803 367,803 352,804 343,808 316,809 291,805 286,802"/>
          <TextEquiv conf="0.83966553">
            <Unicode>Sacrement</Unicode>
          </TextEquiv>
        </Word>
        <Word id="region0003_line0002_word0001" custom="readingOrder {index:1;} textStyle {offset:0; length:2;italic:true; fontSize:0.0; kerning:0;}">
          <Coords points="438,804 438,834 471,834 471,809 461,809 458,804"/>
          <TextEquiv conf="0.9320705">
            <Unicode>de</Unicode>
          </TextEquiv>
        </Word>
        <Word id="region0003_line0002_word0002" custom="readingOrder {index:2;} textStyle {offset:0; length:9;italic:true; fontSize:0.0; kerning:0;}">
          <Coords points="491,803 491,835 651,836 651,804 642,803 638,807 624,809 567,807 554,803"/>
          <TextEquiv conf="0.89165896">
            <Unicode>Pénitence</Unicode>
          </TextEquiv>
        </Word>
        <Word id="region0003_line0002_word0003" custom="readingOrder {index:3;} textStyle {offset:0; length:3;italic:true; fontSize:0.0; kerning:0;}">
          <Coords points="726,810 667,810 666,843 686,843 706,839 719,843 725,842"/>
          <TextEquiv conf="0.957014">
            <Unicode>par</Unicode>
          </TextEquiv>
        </Word>
        <Word id="region0003_line0002_word0004" custom="readingOrder {index:4;} textStyle {offset:0; length:5;italic:true; fontSize:0.0; kerning:0;}">
          <Coords points="747,805 747,835 825,835 825,808 815,808 808,805"/>
          <TextEquiv conf="0.92724">
            <Unicode>leurs</Unicode>
          </TextEquiv>
        </Word>
        <Word id="region0003_line0002_word0005" custom="readingOrder {index:5;} textStyle {offset:0; length:7;italic:true; fontSize:0.0; kerning:0;}">
          <Coords points="845,835 990,836 990,806 846,805 845,805"/>
          <TextEquiv>
            <Unicode>maximes</Unicode>
          </TextEquiv>
        </Word>
        <TextEquiv>
          <Unicode>Sacrement de Pénitence par leurs maximes</Unicode>
        </TextEquiv>
      </TextLine>
      <TextLine id="region0003_line0003" custom="readingOrder {index:2;}">
        <Coords points="807,840 774,841 764,845 750,841 719,844 706,840 679,851 661,849 658,841 644,841 637,848 581,846 573,840 524,840 511,845 493,846 427,846 421,840 410,840 402,844 355,845 332,845 324,841 292,846 200,842 200,884 246,886 252,882 287,882 292,885 320,885 327,882 340,885 375,885 426,882 430,885 495,885 501,890 510,891 523,885 538,886 555,880 567,885 614,886 622,889 631,886 674,886 682,890 697,888 703,882 715,885 750,883 754,890 761,891 775,886 824,886 830,883 889,888 899,882 908,883 912,887 919,887 925,883 958,886 993,880 993,850 975,848 970,843 958,842 944,847 936,841 920,841 911,845 909,855 905,855 899,845 848,845 843,841"/>
        <Baseline points="200,875 901,877 993,872"/>
        <Word id="region0003_line0003_word0000" custom="readingOrder {index:0;} textStyle {offset:0; length:8;italic:true; fontSize:0.0; kerning:0;}">
          <Coords points="245,848 387,848 387,877 245,877"/>
          <TextEquiv conf="0.9570474">
            <Unicode>touchant</Unicode>
          </TextEquiv>
        </Word>
        <Word id="region0003_line0003_word0001" custom="readingOrder {index:1;} textStyle {offset:0; length:2;italic:true; fontSize:0.0; kerning:0;}">
          <Coords points="408,846 438,846 438,877 408,877"/>
          <TextEquiv conf="0.9327585">
            <Unicode>la</Unicode>
          </TextEquiv>
        </Word>
        <Word id="region0003_line0003_word0002" custom="readingOrder {index:2;} textStyle {offset:0; length:11;italic:true; fontSize:0.0; kerning:0;}">
          <Coords points="458,846 458,885 495,885 499,888 516,888 523,885 538,886 555,880 567,885 614,886 622,889 622,889 629,887 629,848 605,847"/>
          <TextEquiv>
            <Unicode>confeſſion,</Unicode>
          </TextEquiv>
        </Word>
        <Word id="region0003_line0003_word0003" custom="readingOrder {index:3;} textStyle {offset:0; length:2;italic:true; fontSize:0.0; kerning:0;}">
          <Coords points="644,848 644,879 673,879 673,850 661,849 660,848"/>
          <TextEquiv conf="0.9299428">
            <Unicode>la</Unicode>
          </TextEquiv>
        </Word>
        <Word id="region0003_line0003_word0004" custom="readingOrder {index:4;} textStyle {offset:0; length:13;italic:true; fontSize:0.0; kerning:0;}">
          <Coords points="894,848 688,847 683,849 683,889 689,889 697,888 703,882 715,885 750,883 753,889 765,889 775,886 824,886 830,883 889,888 894,885"/>
          <TextEquiv>
            <Unicode>ſatisfaction,</Unicode>
          </TextEquiv>
        </Word>
        <Word id="region0003_line0003_word0005" custom="readingOrder {index:5;} textStyle {offset:0; length:5;italic:true; fontSize:0.0; kerning:0;}">
          <Coords points="989,851 916,851 916,881 987,881 989,880"/>
          <TextEquiv>
            <Unicode>l’ab-</Unicode>
          </TextEquiv>
        </Word>
        <TextEquiv>
          <Unicode>touchant la confeſſion, la ſatisfaction, l’ab-</Unicode>
        </TextEquiv>
      </TextLine>
      <TextLine id="region0003_line0006" custom="readingOrder {index:3;}">
        <Coords points="555,881 543,886 520,888 510,892 496,888 431,887 426,883 412,883 407,888 396,889 342,887 334,883 293,887 287,883 272,883 268,894 255,898 244,889 209,889 204,894 204,909 213,917 248,918 263,927 382,927 409,924 420,927 464,927 469,924 525,924 532,927 544,925 548,928 605,927 635,932 643,927 671,926 680,923 700,926 734,922 764,924 770,927 842,928 852,938 887,938 891,935 893,927 948,928 971,935 993,933 993,887 941,888 936,884 925,884 919,888 912,888 908,884 899,883 894,888 885,889 830,884 824,887 779,887 759,892 754,891 750,884 741,884 734,887 703,883 697,889 682,891 674,887 631,887 622,890 614,887 568,888 561,881"/>
        <Baseline points="248,918 993,923"/>
        <Word id="region0003_line0006_word0000" custom="readingOrder {index:0;} textStyle {offset:0; length:9;italic:true; fontSize:0.0; kerning:0;}">
          <Coords points="270,887 268,894 255,898 246,890 246,917 248,918 259,925 389,925 389,888 342,887 293,887"/>
          <TextEquiv>
            <Unicode>ſolution,</Unicode>
          </TextEquiv>
        </Word>
        <Word id="region0003_line0006_word0001" custom="readingOrder {index:1;} textStyle {offset:0; length:3;italic:true; fontSize:0.0; kerning:0;}">
          <Coords points="412,888 453,888 453,918 412,918"/>
          <TextEquiv conf="0.9326554">
            <Unicode>les</Unicode>
          </TextEquiv>
        </Word>
        <Word id="region0003_line0006_word0002" custom="readingOrder {index:2;} textStyle {offset:0; length:9;italic:true; fontSize:0.0; kerning:0;}">
          <Coords points="537,886 520,888 510,892 496,888 469,887 469,924 525,924 530,926 535,926 544,925 546,926 612,927 612,887 568,888 566,886"/>
          <TextEquiv>
            <Unicode>occaſions</Unicode>
          </TextEquiv>
        </Word>
        <Word id="region0003_line0006_word0003" custom="readingOrder {index:3;} textStyle {offset:0; length:10;italic:true; fontSize:0.0; kerning:0;}">
          <Coords points="627,891 627,929 640,929 643,927 671,926 680,923 700,926 734,922 764,924 770,927 801,927 801,892 760,892 759,892 758,892"/>
          <TextEquiv conf="0.6270552">
            <Unicode>prochaines</Unicode>
          </TextEquiv>
        </Word>
        <Word id="region0003_line0006_word0004" custom="readingOrder {index:4;} textStyle {offset:0; length:2;italic:true; fontSize:0.0; kerning:0;}">
          <Coords points="820,892 852,892 852,921 820,921"/>
          <TextEquiv conf="0.9328872">
            <Unicode>de</Unicode>
          </TextEquiv>
        </Word>
        <Word id="region0003_line0006_word0005" custom="readingOrder {index:5;} textStyle {offset:0; length:7;italic:true; fontSize:0.0; kerning:0;}">
          <Coords points="867,888 867,929 892,929 893,927 948,928 953,929 986,930 986,889 892,888 885,889 874,888"/>
          <TextEquiv conf="0.642249">
            <Unicode>pécher,</Unicode>
          </TextEquiv>
        </Word>
        <TextEquiv>
          <Unicode>ſolution, les occaſions prochaines de pécher,</Unicode>
        </TextEquiv>
      </TextLine>
      <TextLine id="region0003_line0007" custom="readingOrder {index:4;}">
        <Coords points="727,923 703,925 698,928 680,924 669,929 644,929 635,933 618,930 548,929 544,926 532,928 525,925 469,925 464,928 442,929 423,929 409,925 382,928 347,926 264,931 261,926 256,925 242,938 200,938 200,967 835,968 845,967 848,960 848,937 842,930 777,930 764,925"/>
        <Baseline points="200,959 848,960"/>
        <Word id="region0003_line0007_word0000" custom="readingOrder {index:0;} textStyle {offset:0; length:2;italic:true; fontSize:0.0; kerning:0;}">
          <Coords points="252,928 245,935 245,959 276,959 276,930 264,931 262,928"/>
          <TextEquiv>
            <Unicode>la</Unicode>
          </TextEquiv>
        </Word>
        <Word id="region0003_line0007_word0001" custom="readingOrder {index:1;} textStyle {offset:0; length:10;italic:true; fontSize:0.0; kerning:0;}">
          <Coords points="291,960 452,961 452,930 296,929 291,929"/>
          <TextEquiv conf="0.903714">
            <Unicode>contrition</Unicode>
          </TextEquiv>
        </Word>
        <Word id="region0003_line0007_word0002" custom="readingOrder {index:2;} textStyle {offset:0; length:1;italic:true; fontSize:0.0; kerning:0;}">
          <Coords points="469,931 505,931 505,965 469,965"/>
          <TextEquiv conf="0.92739">
            <Unicode>&amp;</Unicode>
          </TextEquiv>
        </Word>
        <Word id="region0003_line0007_word0003" custom="readingOrder {index:3;} textStyle {offset:0; length:7;italic:true; fontSize:0.0; kerning:0;}">
          <Coords points="522,930 522,962 647,963 647,931 639,930 635,933 622,930"/>
          <TextEquiv conf="0.11175873">
            <Unicode>l'amour</Unicode>
          </TextEquiv>
        </Word>
        <Word id="region0003_line0007_word0004" custom="readingOrder {index:4;} textStyle {offset:0; length:2;italic:true; fontSize:0.0; kerning:0;}">
          <Coords points="667,931 699,931 699,961 667,961"/>
          <TextEquiv conf="0.96104777">
            <Unicode>de</Unicode>
          </TextEquiv>
        </Word>
        <Word id="region0003_line0007_word0005" custom="readingOrder {index:5;} textStyle {offset:0; length:5;italic:true; fontSize:0.0; kerning:0;}">
          <Coords points="717,930 809,931 809,962 717,961"/>
          <TextEquiv conf="0.9355107">
            <Unicode>Dieu.</Unicode>
          </TextEquiv>
        </Word>
        <TextEquiv>
          <Unicode>la contrition &amp; l'amour de Dieu.</Unicode>
        </TextEquiv>
      </TextLine>
      <TextEquiv>
        <Unicode>Adouciſſemens que les Jéſuites ont apportez au&#13;
Sacrement de Pénitence par leurs maximes&#13;
touchant la confeſſion, la ſatisfaction, l’ab-&#13;
ſolution, les occaſions prochaines de pécher,&#13;
la contrition &amp; l'amour de Dieu.</Unicode>
      </TextEquiv>
    </TextRegion>
    <TextRegion orientation="-0.3348879" readingDirection="left-to-right" id="region0004" custom="readingOrder {index:3;}">
      <Coords points="338,1014 841,1014 841,1065 338,1065"/>
      <TextLine id="region0004_line0001" custom="readingOrder {index:0;}">
        <Coords points="674,1014 662,1017 625,1015 598,1019 500,1021 493,1021 489,1015 472,1015 469,1019 450,1015 338,1014 338,1063 650,1062 800,1065 840,1062 840,1015 736,1017"/>
        <Word id="region0004_line0001_word0000" custom="readingOrder {index:0;}">
          <Coords points="344,1025 398,1025 398,1059 344,1059"/>
          <TextEquiv conf="0.9582386">
            <Unicode>De</Unicode>
          </TextEquiv>
        </Word>
        <Word id="region0004_line0001_word0001" custom="readingOrder {index:1;}">
          <Coords points="414,1026 501,1026 501,1059 414,1059"/>
          <TextEquiv conf="0.9639662">
            <Unicode>Paris</Unicode>
          </TextEquiv>
        </Word>
        <Word id="region0004_line0001_word0002" custom="readingOrder {index:2;}">
          <Coords points="519,1034 557,1034 557,1057 519,1057"/>
          <TextEquiv conf="0.96908617">
            <Unicode>ce</Unicode>
          </TextEquiv>
        </Word>
        <Word id="region0004_line0001_word0003" custom="readingOrder {index:3;}">
          <Coords points="575,1033 605,1034 605,1058 575,1057"/>
          <TextEquiv conf="0.8389557">
            <Unicode>2.</Unicode>
          </TextEquiv>
        </Word>
        <Word id="region0004_line0001_word0004" custom="readingOrder {index:4;}">
          <Coords points="728,1025 621,1025 621,1062 650,1062 728,1063"/>
          <TextEquiv conf="0.9292919">
            <Unicode>Août,</Unicode>
          </TextEquiv>
        </Word>
        <Word id="region0004_line0001_word0005" custom="readingOrder {index:5;}">
          <Coords points="837,1029 747,1028 747,1063 800,1065 837,1062"/>
          <TextEquiv conf="0.80981255">
            <Unicode>1656.</Unicode>
          </TextEquiv>
        </Word>
        <TextEquiv conf="0.9115585">
          <Unicode>De Paris ce 2. Août, 1656.</Unicode>
        </TextEquiv>
      </TextLine>
      <TextEquiv conf="0.9115585">
        <Unicode>De Paris ce 2. Août, 1656.</Unicode>
      </TextEquiv>
    </TextRegion>
    <TextRegion orientation="-0.3348879" readingDirection="left-to-right" id="region0005" custom="readingOrder {index:4;}">
      <Coords points="199,1108 547,1108 547,1184 199,1184"/>
      <TextLine id="region0005_line0001" custom="readingOrder {index:0;}">
        <Coords points="207,1108 201,1113 199,1120 199,1183 541,1177 543,1114 488,1115 458,1114 453,1119 447,1114 425,1113 420,1117 397,1115 392,1120 386,1115 372,1115 367,1119 361,1115 331,1115 327,1118 319,1109 269,1108 262,1110 256,1120 240,1120 232,1109"/>
        <Word id="region0005_line0001_word0000" custom="readingOrder {index:0;}">
          <Coords points="540,1119 208,1115 207,1170 539,1172"/>
          <TextEquiv>
            <Unicode>MONSIEUR,</Unicode>
          </TextEquiv>
        </Word>
        <TextEquiv>
          <Unicode>MONSIEUR,</Unicode>
        </TextEquiv>
      </TextLine>
      <TextEquiv>
        <Unicode>MONSIEUR,</Unicode>
      </TextEquiv>
    </TextRegion>
    <TextRegion orientation="-0.3348879" readingDirection="left-to-right" id="TextRegion_1660557240620_4254" custom="readingOrder {index:5;}">
      <Coords points="194,1196 993,1196 993,1620 194,1620"/>
      <TextLine id="region0006_line0001" custom="readingOrder {index:0;}">
        <Coords points="903,1196 899,1202 823,1202 820,1197 801,1197 797,1202 793,1197 761,1197 757,1202 711,1201 693,1200 690,1196 674,1196 669,1200 663,1197 646,1197 642,1203 635,1203 630,1197 614,1197 610,1204 514,1204 429,1203 408,1201 403,1197 331,1197 323,1201 304,1203 297,1197 194,1196 195,1234 234,1240 244,1246 265,1246 271,1242 286,1245 291,1242 302,1242 307,1246 337,1243 342,1246 398,1246 405,1249 436,1245 492,1246 499,1242 515,1245 570,1246 601,1240 654,1246 705,1244 716,1241 723,1248 748,1244 796,1244 803,1240 814,1241 831,1248 845,1244 954,1245 962,1241 977,1245 993,1245 993,1201 953,1197 926,1202 923,1197"/>
        <Baseline points="195,1230 993,1235"/>
        <Word id="region0006_line0001_word0000" custom="readingOrder {index:0;}">
          <Coords points="247,1204 295,1204 295,1237 247,1237"/>
          <TextEquiv conf="0.9329637">
            <Unicode>Ce</Unicode>
          </TextEquiv>
        </Word>
        <Word id="region0006_line0001_word0001" custom="readingOrder {index:1;}">
          <Coords points="311,1237 390,1237 390,1201 323,1201 311,1202"/>
          <TextEquiv>
            <Unicode>n’eſt</Unicode>
          </TextEquiv>
        </Word>
        <Word id="region0006_line0001_word0002" custom="readingOrder {index:2;}">
          <Coords points="406,1213 461,1213 461,1245 406,1245"/>
          <TextEquiv conf="0.9693001">
            <Unicode>pas</Unicode>
          </TextEquiv>
        </Word>
        <Word id="region0006_line0001_word0003" custom="readingOrder {index:3;}">
          <Coords points="479,1213 601,1214 601,1239 479,1238"/>
          <TextEquiv conf="0.9672284">
            <Unicode>encore</Unicode>
          </TextEquiv>
        </Word>
        <Word id="region0006_line0001_word0004" custom="readingOrder {index:4;}">
          <Coords points="617,1206 660,1206 660,1238 617,1238"/>
          <TextEquiv conf="0.9598313">
            <Unicode>ici</Unicode>
          </TextEquiv>
        </Word>
        <Word id="region0006_line0001_word0005" custom="readingOrder {index:5;}">
          <Coords points="677,1205 706,1205 706,1238 677,1238"/>
          <TextEquiv conf="0.96545446">
            <Unicode>la</Unicode>
          </TextEquiv>
        </Word>
        <Word id="region0006_line0001_word0006" custom="readingOrder {index:6;}">
          <Coords points="880,1206 721,1205 721,1246 734,1246 748,1244 796,1244 803,1240 814,1241 827,1246 835,1246 845,1244 880,1244"/>
          <TextEquiv conf="0.96707034">
            <Unicode>politique</Unicode>
          </TextEquiv>
        </Word>
        <Word id="region0006_line0001_word0007" custom="readingOrder {index:7;}">
          <Coords points="899,1207 940,1208 940,1239 899,1238"/>
          <TextEquiv conf="0.97017366">
            <Unicode>de</Unicode>
          </TextEquiv>
        </Word>
        <Word id="region0006_line0001_word0008" custom="readingOrder {index:8;}">
          <Coords points="956,1209 987,1209 987,1240 956,1240"/>
          <TextEquiv conf="0.8581883">
            <Unicode>la</Unicode>
          </TextEquiv>
        </Word>
        <TextEquiv>
          <Unicode>Ce n’eſt pas encore ici la politique de la</Unicode>
        </TextEquiv>
      </TextLine>
      <TextLine id="region0006_line0002" custom="readingOrder {index:1;}">
        <Coords points="195,1235 194,1287 237,1287 244,1283 259,1288 292,1288 305,1284 313,1288 351,1291 402,1282 426,1282 452,1287 547,1287 658,1286 663,1283 683,1286 742,1286 760,1281 770,1282 777,1289 788,1289 793,1286 849,1283 854,1280 867,1280 870,1277 881,1280 883,1289 894,1285 992,1287 993,1246 977,1246 968,1242 954,1246 845,1245 838,1249 803,1241 796,1245 738,1246 729,1249 723,1249 716,1242 705,1245 654,1247 601,1241 570,1247 515,1246 499,1243 492,1247 436,1246 405,1250 398,1247 342,1247 337,1244 307,1247 302,1243 291,1243 286,1246 271,1243 265,1247 244,1247 234,1241"/>
        <Baseline points="195,1276 993,1276"/>
        <Word id="region0006_line0002_word0000" custom="readingOrder {index:0;}">
          <Coords points="204,1244 203,1282 357,1283 357,1247 342,1247 338,1244 328,1244 307,1247 304,1244 288,1244 286,1246 278,1244 268,1244 265,1247 244,1247 239,1244"/>
          <TextEquiv conf="0.95858985">
            <Unicode>Société,</Unicode>
          </TextEquiv>
        </Word>
        <Word id="region0006_line0002_word0001" custom="readingOrder {index:1;}">
          <Coords points="383,1253 461,1254 461,1277 383,1276"/>
          <TextEquiv conf="0.93295586">
            <Unicode>mais</Unicode>
          </TextEquiv>
        </Word>
        <Word id="region0006_line0002_word0002" custom="readingOrder {index:2;}">
          <Coords points="481,1247 552,1247 552,1277 481,1277"/>
          <TextEquiv conf="0.9036621">
            <Unicode>c’en</Unicode>
          </TextEquiv>
        </Word>
        <Word id="region0006_line0002_word0003" custom="readingOrder {index:3;}">
          <Coords points="573,1278 617,1278 617,1246 575,1246 573,1246"/>
          <TextEquiv>
            <Unicode>eſt</Unicode>
          </TextEquiv>
        </Word>
        <Word id="region0006_line0002_word0004" custom="readingOrder {index:4;}">
          <Coords points="634,1256 674,1256 674,1277 634,1277"/>
          <TextEquiv conf="0.96725386">
            <Unicode>un</Unicode>
          </TextEquiv>
        </Word>
        <Word id="region0006_line0002_word0005" custom="readingOrder {index:5;}">
          <Coords points="701,1248 701,1277 756,1278 756,1249 730,1249 729,1249 723,1249 722,1248"/>
          <TextEquiv conf="0.96640486">
            <Unicode>des</Unicode>
          </TextEquiv>
        </Word>
        <Word id="region0006_line0002_word0006" custom="readingOrder {index:6;}">
          <Coords points="781,1247 780,1286 793,1286 848,1283 849,1247 841,1247 838,1249 829,1247"/>
          <TextEquiv conf="0.96256083">
            <Unicode>plus</Unicode>
          </TextEquiv>
        </Word>
        <Word id="region0006_line0002_word0007" custom="readingOrder {index:7;}">
          <Coords points="988,1286 989,1249 872,1248 871,1277 881,1280 882,1285 893,1285 894,1285 911,1285"/>
          <TextEquiv conf="0.9607486">
            <Unicode>grands</Unicode>
          </TextEquiv>
        </Word>
        <TextEquiv>
          <Unicode>Société, mais c’en eſt un des plus grands</Unicode>
        </TextEquiv>
      </TextLine>
      <TextLine id="region0006_line0003" custom="readingOrder {index:2;}">
        <Coords points="870,1278 867,1281 854,1281 848,1284 793,1287 788,1290 777,1290 770,1283 763,1282 742,1287 683,1287 663,1284 658,1287 547,1288 444,1288 425,1283 401,1283 351,1292 313,1289 305,1285 292,1289 259,1289 244,1284 237,1288 194,1288 194,1334 210,1334 219,1325 230,1330 259,1330 274,1326 281,1330 303,1330 315,1335 325,1325 345,1324 376,1328 390,1327 399,1323 467,1325 473,1328 493,1328 505,1334 519,1330 521,1325 597,1328 604,1324 618,1327 712,1327 776,1322 792,1323 798,1327 823,1327 830,1323 838,1323 844,1327 947,1327 953,1324 992,1327 992,1288 894,1286 883,1290 881,1281"/>
        <Baseline points="194,1320 992,1317"/>
        <Word id="region0006_line0003_word0000" custom="readingOrder {index:0;}">
          <Coords points="203,1323 367,1324 367,1289 351,1292 313,1289 305,1285 292,1289 259,1289 244,1284 237,1288 203,1288"/>
          <TextEquiv conf="0.96629024">
            <Unicode>principes</Unicode>
          </TextEquiv>
        </Word>
        <Word id="region0006_line0003_word0001" custom="readingOrder {index:1;}">
          <Coords points="396,1284 396,1316 485,1316 485,1288 444,1288 428,1284"/>
          <TextEquiv conf="0.9610885">
            <Unicode>Vous</Unicode>
          </TextEquiv>
        </Word>
        <Word id="region0006_line0003_word0002" custom="readingOrder {index:2;}">
          <Coords points="522,1294 499,1294 499,1327 520,1327 521,1325 522,1325"/>
          <TextEquiv conf="0.9697184">
            <Unicode>y</Unicode>
          </TextEquiv>
        </Word>
        <Word id="region0006_line0003_word0003" custom="readingOrder {index:3;}">
          <Coords points="537,1293 651,1294 651,1316 537,1315"/>
          <TextEquiv conf="0.96748185">
            <Unicode>verrez</Unicode>
          </TextEquiv>
        </Word>
        <Word id="region0006_line0003_word0004" custom="readingOrder {index:4;}">
          <Coords points="666,1287 710,1287 710,1317 666,1317"/>
          <TextEquiv conf="0.9327904">
            <Unicode>les</Unicode>
          </TextEquiv>
        </Word>
        <Word id="region0006_line0003_word0005" custom="readingOrder {index:5;}">
          <Coords points="867,1280 867,1281 854,1281 848,1284 793,1287 788,1290 777,1290 770,1283 763,1282 742,1287 730,1287 730,1318 986,1320 986,1287 894,1286 883,1290 881,1281 877,1280"/>
          <TextEquiv>
            <Unicode>adouciſſemens</Unicode>
          </TextEquiv>
        </Word>
        <TextEquiv>
          <Unicode>principes Vous y verrez les adouciſſemens</Unicode>
        </TextEquiv>
      </TextLine>
      <TextLine id="region0006_line0004" custom="readingOrder {index:3;}">
        <Coords points="769,1323 712,1328 618,1328 604,1325 597,1329 539,1328 528,1332 518,1331 511,1335 455,1325 399,1324 390,1328 376,1329 345,1325 325,1326 315,1336 303,1331 281,1331 274,1327 259,1331 230,1331 219,1326 210,1335 194,1335 195,1370 252,1372 261,1367 278,1367 303,1371 562,1371 575,1375 586,1371 642,1370 696,1364 710,1368 993,1369 992,1329 969,1328 963,1325 916,1329 844,1328 838,1324 830,1324 823,1328 798,1328 792,1324"/>
        <Baseline points="195,1361 993,1359"/>
        <Word id="region0006_line0004_word0000" custom="readingOrder {index:0;}">
          <Coords points="215,1330 210,1335 205,1335 205,1362 246,1363 246,1331 230,1331 229,1331"/>
          <TextEquiv conf="0.9659031">
            <Unicode>de</Unicode>
          </TextEquiv>
        </Word>
        <Word id="region0006_line0004_word0001" custom="readingOrder {index:1;}">
          <Coords points="268,1331 297,1331 297,1361 268,1361"/>
          <TextEquiv conf="0.9329686">
            <Unicode>la</Unicode>
          </TextEquiv>
        </Word>
        <Word id="word_1660557697870_4626" custom="readingOrder {index:2;}">
          <Coords points="320,1330 487,1330 509,1334 536,1351 536,1367 526,1367 319,1363 319,1332"/>
          <TextEquiv>
            <Unicode>Confeſſion,</Unicode>
          </TextEquiv>
        </Word>
        <Word id="region0006_line0004_word0004" custom="readingOrder {index:3;}">
          <Coords points="560,1330 614,1331 614,1369 560,1368"/>
          <TextEquiv conf="0.9641791">
            <Unicode>qui</Unicode>
          </TextEquiv>
        </Word>
        <Word id="region0006_line0004_word0005" custom="readingOrder {index:4;}">
          <Coords points="642,1333 714,1333 714,1363 642,1363"/>
          <TextEquiv>
            <Unicode>ſont</Unicode>
          </TextEquiv>
        </Word>
        <Word id="region0006_line0004_word0006" custom="readingOrder {index:5;}">
          <Coords points="743,1332 932,1333 932,1365 743,1364"/>
          <TextEquiv>
            <Unicode>aſſurément</Unicode>
          </TextEquiv>
        </Word>
        <Word id="region0006_line0004_word0007" custom="readingOrder {index:6;}">
          <Coords points="955,1335 988,1335 988,1365 955,1365"/>
          <TextEquiv conf="0.96417177">
            <Unicode>le</Unicode>
          </TextEquiv>
        </Word>
        <TextEquiv>
          <Unicode>de la Confeſſion, qui ſont aſſurément le</Unicode>
        </TextEquiv>
      </TextLine>
      <TextLine id="region0006_line0005" custom="readingOrder {index:4;}">
        <Coords points="696,1365 642,1371 586,1372 575,1376 562,1372 303,1372 278,1368 261,1368 252,1373 195,1371 195,1413 227,1414 233,1410 242,1410 248,1414 401,1413 407,1409 416,1409 441,1417 454,1412 520,1412 524,1415 535,1415 544,1411 572,1411 577,1408 598,1412 653,1412 706,1411 713,1407 728,1410 765,1411 799,1406 807,1413 814,1413 819,1410 904,1411 921,1411 926,1408 977,1410 993,1407 993,1374 987,1373 963,1370 733,1370 710,1369"/>
        <Baseline points="195,1403 993,1398"/>
        <Word id="region0006_line0005_word0000" custom="readingOrder {index:0;}">
          <Coords points="256,1370 252,1373 203,1371 203,1402 353,1403 353,1372 303,1372 294,1370"/>
          <TextEquiv conf="0.96216065">
            <Unicode>meilleur</Unicode>
          </TextEquiv>
        </Word>
        <Word id="region0006_line0005_word0001" custom="readingOrder {index:1;}">
          <Coords points="497,1411 497,1379 377,1378 377,1410 405,1410 407,1409 416,1409 420,1410"/>
          <TextEquiv conf="0.96316165">
            <Unicode>moyen</Unicode>
          </TextEquiv>
        </Word>
        <Word id="region0006_line0005_word0002" custom="readingOrder {index:2;}">
          <Coords points="577,1380 515,1379 515,1410 572,1410 577,1408"/>
          <TextEquiv conf="0.96754">
            <Unicode>que</Unicode>
          </TextEquiv>
        </Word>
        <Word id="region0006_line0005_word0003" custom="readingOrder {index:3;}">
          <Coords points="598,1381 651,1381 651,1404 598,1404"/>
          <TextEquiv conf="0.96534127">
            <Unicode>ces</Unicode>
          </TextEquiv>
        </Word>
        <Word id="region0006_line0005_word0004" custom="readingOrder {index:4;}">
          <Coords points="670,1372 764,1373 764,1405 670,1404"/>
          <TextEquiv conf="0.9328535">
            <Unicode>Pères</Unicode>
          </TextEquiv>
        </Word>
        <Word id="region0006_line0005_word0005" custom="readingOrder {index:5;}">
          <Coords points="879,1381 783,1381 783,1408 799,1406 807,1413 814,1413 819,1410 879,1410"/>
          <TextEquiv conf="0.92106843">
            <Unicode>ayent</Unicode>
          </TextEquiv>
        </Word>
        <Word id="region0006_line0005_word0006" custom="readingOrder {index:6;}">
          <Coords points="897,1381 988,1382 988,1405 897,1404"/>
          <TextEquiv conf="0.91639817">
            <Unicode>trou-</Unicode>
          </TextEquiv>
        </Word>
        <TextEquiv conf="0.94693196">
          <Unicode>meilleur moyen que ces Pères ayent trou-</Unicode>
        </TextEquiv>
      </TextLine>
      <TextLine id="region0006_line0006" custom="readingOrder {index:5;}">
        <Coords points="797,1407 762,1413 713,1408 706,1412 598,1413 577,1409 572,1412 544,1412 535,1416 524,1416 520,1413 454,1413 441,1418 416,1410 407,1410 401,1414 318,1415 248,1415 242,1411 233,1411 227,1415 195,1414 195,1452 252,1456 266,1460 274,1456 323,1455 338,1449 349,1450 353,1454 428,1455 437,1450 468,1448 534,1449 543,1453 557,1453 563,1449 590,1453 605,1449 620,1449 633,1454 663,1454 677,1449 687,1449 694,1453 752,1456 757,1456 765,1450 777,1454 993,1453 993,1412 944,1412 926,1409 921,1412 904,1412 819,1411 807,1414"/>
        <Baseline points="195,1441 993,1443"/>
        <Word id="region0006_line0006_word0000" custom="readingOrder {index:0;}">
          <Coords points="201,1440 243,1441 243,1411 242,1411 233,1411 227,1415 201,1414"/>
          <TextEquiv conf="0.9312505">
            <Unicode>vé</Unicode>
          </TextEquiv>
        </Word>
        <Word id="region0006_line0006_word0001" custom="readingOrder {index:1;}">
          <Coords points="343,1419 260,1419 260,1451 333,1451 338,1449 343,1449"/>
          <TextEquiv conf="0.9663789">
            <Unicode>pour</Unicode>
          </TextEquiv>
        </Word>
        <Word id="region0006_line0006_word0002" custom="readingOrder {index:2;}">
          <Coords points="406,1410 401,1414 360,1414 360,1442 470,1443 470,1413 454,1413 441,1418 417,1410"/>
          <TextEquiv conf="0.96508086">
            <Unicode>attirer</Unicode>
          </TextEquiv>
        </Word>
        <Word id="region0006_line0006_word0003" custom="readingOrder {index:3;}">
          <Coords points="488,1419 561,1419 561,1443 488,1443"/>
          <TextEquiv conf="0.9625118">
            <Unicode>tout</Unicode>
          </TextEquiv>
        </Word>
        <Word id="region0006_line0006_word0004" custom="readingOrder {index:4;}">
          <Coords points="580,1412 580,1443 608,1443 608,1412 598,1413 592,1412"/>
          <TextEquiv conf="0.963545">
            <Unicode>le</Unicode>
          </TextEquiv>
        </Word>
        <Word id="region0006_line0006_word0005" custom="readingOrder {index:5;}">
          <Coords points="670,1412 623,1413 623,1450 673,1450 677,1449 687,1449 690,1450 763,1451 763,1413 762,1413 762,1413 762,1413"/>
          <TextEquiv conf="0.9325738">
            <Unicode>monde,</Unicode>
          </TextEquiv>
        </Word>
        <Word id="region0006_line0006_word0006" custom="readingOrder {index:6;}">
          <Coords points="789,1413 789,1444 818,1444 818,1413 811,1413 807,1414 805,1413"/>
          <TextEquiv conf="0.93166053">
            <Unicode>&amp;</Unicode>
          </TextEquiv>
        </Word>
        <Word id="region0006_line0006_word0007" custom="readingOrder {index:7;}">
          <Coords points="834,1423 874,1423 874,1444 834,1444"/>
          <TextEquiv conf="0.9294111">
            <Unicode>ne</Unicode>
          </TextEquiv>
        </Word>
        <Word id="region0006_line0006_word0008" custom="readingOrder {index:8;}">
          <Coords points="893,1415 987,1416 987,1446 893,1445"/>
          <TextEquiv conf="0.7853427">
            <Unicode>rebu-</Unicode>
          </TextEquiv>
        </Word>
        <TextEquiv conf="0.92975056">
          <Unicode>vé pour attirer tout le monde, &amp; ne rebu-</Unicode>
        </TextEquiv>
      </TextLine>
      <TextLine id="region0006_line0007" custom="readingOrder {index:6;}">
        <Coords points="468,1449 437,1451 428,1456 353,1455 349,1451 338,1450 323,1456 274,1457 266,1461 252,1457 194,1455 194,1496 203,1497 209,1493 220,1493 229,1498 260,1498 270,1503 317,1492 348,1496 458,1497 500,1496 508,1491 523,1490 552,1491 556,1494 588,1495 593,1492 614,1495 635,1490 689,1494 791,1495 814,1494 819,1491 844,1493 850,1490 866,1493 922,1491 938,1496 992,1495 993,1454 776,1455 765,1451 757,1457 752,1457 693,1454 687,1450 677,1450 663,1455 632,1455 620,1450 590,1454 563,1450 556,1454 542,1454 534,1450"/>
        <Baseline points="194,1486 992,1485"/>
        <Word id="region0006_line0007_word0000" custom="readingOrder {index:0;}">
          <Coords points="201,1462 252,1463 252,1488 201,1487"/>
          <TextEquiv conf="0.9330059">
            <Unicode>ter</Unicode>
          </TextEquiv>
        </Word>
        <Word id="region0006_line0007_word0001" custom="readingOrder {index:1;}">
          <Coords points="327,1454 323,1456 274,1457 267,1460 267,1498 291,1498 317,1492 348,1496 436,1497 436,1455 430,1455 428,1456 353,1455 353,1455"/>
          <TextEquiv>
            <Unicode>perſonne.</Unicode>
          </TextEquiv>
        </Word>
        <Word id="region0006_line0007_word0002" custom="readingOrder {index:2;}">
          <Coords points="451,1457 475,1457 475,1490 451,1490"/>
          <TextEquiv conf="0.9318903">
            <Unicode>Il</Unicode>
          </TextEquiv>
        </Word>
        <Word id="region0006_line0007_word0003" custom="readingOrder {index:3;}">
          <Coords points="587,1492 587,1459 493,1458 493,1491 508,1491 508,1491 523,1490 552,1491 553,1492"/>
          <TextEquiv conf="0.92850906">
            <Unicode>faloit</Unicode>
          </TextEquiv>
        </Word>
        <Word id="region0006_line0007_word0004" custom="readingOrder {index:4;}">
          <Coords points="601,1458 703,1458 703,1489 601,1489"/>
          <TextEquiv>
            <Unicode>ſavoir</Unicode>
          </TextEquiv>
        </Word>
        <Word id="region0006_line0007_word0005" custom="readingOrder {index:5;}">
          <Coords points="721,1459 790,1460 790,1491 721,1490"/>
          <TextEquiv conf="0.9677922">
            <Unicode>cela</Unicode>
          </TextEquiv>
        </Word>
        <Word id="region0006_line0007_word0006" custom="readingOrder {index:6;}">
          <Coords points="808,1466 904,1466 904,1490 808,1490"/>
          <TextEquiv conf="0.9588247">
            <Unicode>avant</Unicode>
          </TextEquiv>
        </Word>
        <Word id="region0006_line0007_word0007" custom="readingOrder {index:7;}">
          <Coords points="986,1468 920,1468 920,1491 922,1491 938,1496 986,1495"/>
          <TextEquiv conf="0.9588247">
            <Unicode>que</Unicode>
          </TextEquiv>
        </Word>
        <TextEquiv>
          <Unicode>ter perſonne. Il faloit ſavoir cela avant que</Unicode>
        </TextEquiv>
      </TextLine>
      <TextLine id="region0006_line0008" custom="readingOrder {index:7;}">
        <Coords points="850,1491 843,1495 819,1492 813,1496 727,1496 652,1494 646,1491 614,1496 605,1493 556,1495 552,1492 523,1491 508,1492 500,1497 458,1498 348,1497 317,1493 270,1504 260,1499 229,1499 220,1494 209,1494 203,1498 194,1497 195,1538 262,1540 268,1544 276,1544 285,1540 330,1538 336,1534 350,1538 505,1538 517,1533 528,1533 534,1537 597,1538 610,1534 621,1538 662,1538 671,1541 680,1534 696,1536 710,1532 757,1537 764,1541 774,1541 781,1537 809,1536 993,1537 992,1496 938,1497 922,1492 866,1494"/>
        <Baseline points="195,1528 993,1526"/>
        <Word id="region0006_line0008_word0000" custom="readingOrder {index:0;}">
          <Coords points="205,1496 203,1498 203,1527 244,1528 244,1499 229,1499 224,1496"/>
          <TextEquiv conf="0.9329922">
            <Unicode>de</Unicode>
          </TextEquiv>
        </Word>
        <Word id="region0006_line0008_word0001" custom="readingOrder {index:1;}">
          <Coords points="299,1497 270,1504 268,1503 268,1539 307,1539 330,1538 336,1534 350,1538 368,1538 368,1497 348,1497"/>
          <TextEquiv>
            <Unicode>paſſer</Unicode>
          </TextEquiv>
        </Word>
        <Word id="region0006_line0008_word0002" custom="readingOrder {index:2;}">
          <Coords points="392,1505 496,1506 496,1531 392,1530"/>
          <TextEquiv>
            <Unicode>outre.</Unicode>
          </TextEquiv>
        </Word>
        <Word id="region0006_line0008_word0003" custom="readingOrder {index:3;}">
          <Coords points="517,1498 559,1498 559,1531 517,1531"/>
          <TextEquiv conf="0.93299204">
            <Unicode>Et</Unicode>
          </TextEquiv>
        </Word>
        <Word id="region0006_line0008_word0004" custom="readingOrder {index:4;}">
          <Coords points="576,1499 651,1499 651,1531 576,1531"/>
          <TextEquiv>
            <Unicode>c’eſt</Unicode>
          </TextEquiv>
        </Word>
        <Word id="region0006_line0008_word0005" custom="readingOrder {index:5;}">
          <Coords points="829,1502 667,1501 667,1539 668,1540 672,1540 680,1534 696,1536 710,1532 757,1537 763,1540 774,1540 781,1537 809,1536 829,1536"/>
          <TextEquiv conf="0.96150076">
            <Unicode>pourquoi</Unicode>
          </TextEquiv>
        </Word>
        <Word id="region0006_line0008_word0006" custom="readingOrder {index:6;}">
          <Coords points="853,1503 881,1503 881,1532 853,1532"/>
          <TextEquiv conf="0.9683151">
            <Unicode>le</Unicode>
          </TextEquiv>
        </Word>
        <Word id="region0006_line0008_word0007" custom="readingOrder {index:7;}">
          <Coords points="904,1501 986,1502 986,1533 904,1532"/>
          <TextEquiv conf="0.9633454">
            <Unicode>Père</Unicode>
          </TextEquiv>
        </Word>
        <TextEquiv>
          <Unicode>de paſſer outre. Et c’eſt pourquoi le Père</Unicode>
        </TextEquiv>
      </TextLine>
      <TextLine id="region0006_line0009" custom="readingOrder {index:8;}">
        <Coords points="710,1533 696,1537 680,1535 671,1542 662,1539 621,1539 610,1535 597,1539 534,1538 528,1534 517,1534 505,1539 350,1539 336,1535 330,1539 285,1541 276,1545 268,1545 262,1541 195,1539 195,1576 347,1582 358,1583 364,1589 381,1588 387,1582 421,1581 426,1589 436,1590 444,1589 451,1581 456,1580 993,1579 993,1538 835,1537 764,1542 757,1538"/>
        <Baseline points="195,1567 379,1573 993,1569"/>
        <Word id="region0006_line0009_word0000" custom="readingOrder {index:0;}">
          <Coords points="201,1544 201,1569 318,1570 318,1545 277,1545 276,1545 268,1545 267,1545"/>
          <TextEquiv conf="0.96681696">
            <Unicode>trouva</Unicode>
          </TextEquiv>
        </Word>
        <Word id="region0006_line0009_word0001" custom="readingOrder {index:1;}">
          <Coords points="334,1537 334,1571 352,1571 352,1539 350,1539 343,1537"/>
          <TextEquiv conf="0.96975905">
            <Unicode>à</Unicode>
          </TextEquiv>
        </Word>
        <Word id="region0006_line0009_word0002" custom="readingOrder {index:2;}">
          <Coords points="491,1548 368,1547 368,1580 452,1580 456,1580 491,1579"/>
          <TextEquiv conf="0.96516883">
            <Unicode>propos</Unicode>
          </TextEquiv>
        </Word>
        <Word id="region0006_line0009_word0003" custom="readingOrder {index:3;}">
          <Coords points="509,1540 549,1540 549,1571 509,1571"/>
          <TextEquiv conf="0.9329005">
            <Unicode>de</Unicode>
          </TextEquiv>
        </Word>
        <Word id="region0006_line0009_word0004" custom="readingOrder {index:4;}">
          <Coords points="571,1542 656,1542 656,1574 571,1574"/>
          <TextEquiv conf="0.7715976">
            <Unicode>m’en</Unicode>
          </TextEquiv>
        </Word>
        <Word id="region0006_line0009_word0005" custom="readingOrder {index:5;}">
          <Coords points="673,1540 672,1541 672,1572 818,1573 818,1541 781,1540 764,1542 761,1540"/>
          <TextEquiv>
            <Unicode>inſtruire</Unicode>
          </TextEquiv>
        </Word>
        <Word id="region0006_line0009_word0006" custom="readingOrder {index:6;}">
          <Coords points="836,1550 876,1550 876,1573 836,1573"/>
          <TextEquiv conf="0.9702063">
            <Unicode>en</Unicode>
          </TextEquiv>
        </Word>
        <Word id="region0006_line0009_word0007" custom="readingOrder {index:7;}">
          <Coords points="895,1549 984,1550 984,1574 895,1573"/>
          <TextEquiv conf="0.9652434">
            <Unicode>cette</Unicode>
          </TextEquiv>
        </Word>
        <TextEquiv>
          <Unicode>trouva à propos de m’en inſtruire en cette</Unicode>
        </TextEquiv>
      </TextLine>
      <TextLine id="region0006_line0010" custom="readingOrder {index:9;}">
        <Coords points="206,1576 195,1577 195,1622 200,1625 213,1622 352,1624 358,1619 358,1598 355,1594 325,1593 322,1586 315,1582 229,1581 220,1576"/>
        <Baseline points="195,1613 358,1614"/>
        <Word id="word_1660557240660_4257" custom="readingOrder {index:0;}">
          <Coords points="200,1585 299,1586 299,1620 200,1620"/>
          <TextEquiv>
            <Unicode>ſorte.</Unicode>
          </TextEquiv>
        </Word>
        <TextEquiv>
          <Unicode>ſorte.</Unicode>
        </TextEquiv>
      </TextLine>
      <TextEquiv>
        <Unicode>Ce n’eſt pas encore ici la politique de la&#13;
Société, mais c’en eſt un des plus grands&#13;
principes Vous y verrez les adouciſſemens&#13;
de la Confeſſion, qui ſont aſſurément le&#13;
meilleur moyen que ces Pères ayent trou-&#13;
vé pour attirer tout le monde, &amp; ne rebu-&#13;
ter perſonne. Il faloit ſavoir cela avant que&#13;
de paſſer outre. Et c’eſt pourquoi le Père&#13;
trouva à propos de m’en inſtruire en cette&#13;
ſorte.</Unicode>
      </TextEquiv>
    </TextRegion>
    <TextRegion orientation="-0.3348879" type="catch-word" readingDirection="left-to-right" id="TextRegion_1660557240620_4253" custom="readingOrder {index:6;} structure {type:catch-word;}">
      <Coords points="194,1620 993,1620 993,1658 194,1658"/>
      <TextLine id="region0006_line0011" custom="readingOrder {index:0;}">
        <Coords points="840,1610 835,1615 834,1642 837,1646 844,1647 849,1657 992,1658 993,1621 941,1621 939,1615 933,1611"/>
        <Baseline points="844,1647 992,1651"/>
        <Word id="region0006_line0011_word0000" custom="readingOrder {index:0;}">
          <Coords points="893,1620 892,1653 982,1654 983,1621 941,1621 941,1621"/>
          <TextEquiv conf="0.9534775">
            <Unicode>Vous</Unicode>
          </TextEquiv>
        </Word>
        <TextEquiv conf="0.9534775">
          <Unicode>Vous</Unicode>
        </TextEquiv>
      </TextLine>
      <TextEquiv>
        <Unicode>Vous</Unicode>
      </TextEquiv>
    </TextRegion>
    <TextRegion orientation="-0.3348879" type="footnote" readingDirection="left-to-right" id="region0007" custom="readingOrder {index:7;} structure {type:footnote;}">
      <Coords points="215,1669 989,1669 989,1710 215,1710"/>
      <TextLine id="region0007_line0001" custom="readingOrder {index:0;}">
        <Coords points="944,1670 941,1675 888,1674 883,1670 874,1670 869,1674 656,1677 617,1677 610,1670 600,1670 594,1677 560,1676 554,1670 539,1673 534,1669 525,1669 514,1677 494,1677 487,1671 472,1671 466,1676 408,1676 396,1673 334,1675 308,1671 215,1669 216,1714 228,1719 263,1719 309,1713 510,1715 515,1712 530,1712 552,1707 586,1708 612,1713 796,1715 970,1711 974,1722 987,1722 988,1682 981,1680 980,1671"/>
        <Baseline points="216,1705 987,1702"/>
        <Word id="region0007_line0001_word0000" custom="readingOrder {index:0;}">
          <Coords points="221,1672 267,1672 267,1706 221,1706"/>
          <TextEquiv>
            <Unicode>(1)</Unicode>
          </TextEquiv>
        </Word>
        <Word id="region0007_line0001_word0001" custom="readingOrder {index:1;}">
          <Coords points="284,1676 360,1676 360,1700 284,1700"/>
          <TextEquiv conf="0.9182582">
            <Unicode>Cette</Unicode>
          </TextEquiv>
        </Word>
        <Word id="region0007_line0001_word0002" custom="readingOrder {index:2;}">
          <Coords points="372,1676 457,1677 457,1701 372,1700"/>
          <TextEquiv conf="0.71489066">
            <Unicode>Lettre</Unicode>
          </TextEquiv>
        </Word>
        <Word id="region0007_line0001_word0003" custom="readingOrder {index:3;}">
          <Coords points="469,1675 469,1702 508,1702 508,1677 494,1677 491,1675"/>
          <TextEquiv conf="0.96832377">
            <Unicode>fut</Unicode>
          </TextEquiv>
        </Word>
        <Word id="region0007_line0001_word0004" custom="readingOrder {index:4;}">
          <Coords points="519,1673 518,1674 518,1700 581,1701 581,1676 560,1676 557,1673"/>
          <TextEquiv conf="0.96912366">
            <Unicode>faite</Unicode>
          </TextEquiv>
        </Word>
        <Word id="region0007_line0001_word0005" custom="readingOrder {index:5;}">
          <Coords points="595,1675 594,1677 594,1700 626,1700 626,1677 617,1677 615,1675"/>
          <TextEquiv conf="0.9692584">
            <Unicode>de</Unicode>
          </TextEquiv>
        </Word>
        <Word id="region0007_line0001_word0006" custom="readingOrder {index:6;}">
          <Coords points="637,1679 736,1680 736,1702 637,1701"/>
          <TextEquiv conf="0.9645705">
            <Unicode>concert</Unicode>
          </TextEquiv>
        </Word>
        <Word id="region0007_line0001_word0007" custom="readingOrder {index:7;}">
          <Coords points="745,1683 800,1683 800,1703 745,1703"/>
          <TextEquiv conf="0.9533496">
            <Unicode>avec</Unicode>
          </TextEquiv>
        </Word>
        <Word id="region0007_line0001_word0008" custom="readingOrder {index:8;}">
          <Coords points="810,1680 859,1680 859,1702 810,1702"/>
          <TextEquiv conf="0.81173795">
            <Unicode>Mr,</Unicode>
          </TextEquiv>
        </Word>
        <Word id="region0007_line0001_word0009" custom="readingOrder {index:9;}">
          <Coords points="870,1673 869,1674 867,1674 867,1713 878,1713 970,1711 971,1713 985,1714 985,1681 981,1680 980,1673 941,1673 941,1675 888,1674 886,1673"/>
          <TextEquiv>
            <Unicode>Arnauld.</Unicode>
          </TextEquiv>
        </Word>
        <TextEquiv>
          <Unicode>(1) Cette Lettre fut faite de concert avec Mr, Arnauld.</Unicode>
        </TextEquiv>
      </TextLine>
      <TextEquiv>
        <Unicode>(1) Cette Lettre fut faite de concert avec Mr, Arnauld.</Unicode>
      </TextEquiv>
    </TextRegion>
  </Page>
</PcGts>
