1620 2369
515 480 616 532 priſes
637 481 723 518 alors
748 476 860 516 furent
884 476 1097 528 embarquées
1129 475 1185 514 ſur
1211 478 1291 515 trois
1312 475 1403 516 Vaiſ-

515 539 624 573 ſeaux:
659 537 693 571 &
715 532 859 581 qu'étant
881 546 922 569 en
946 532 1054 581 pleine
1075 544 1148 569 mer
1168 530 1244 567 elles
1267 529 1406 575 égorgè-

518 599 592 624 rent
612 598 693 622 ceux
718 585 774 632 qui
797 586 842 622 les
866 581 1100 622 conduiſoient.
1151 584 1200 618 Le
1215 593 1292 619 vent
1306 590 1404 628 ayant

516 639 632 691 pouſſé
663 652 713 674 ces
740 628 905 686 Vaiſſeaùx
942 634 1086 687 juſqu'au
1121 634 1405 681 Palus-Méotide,

517 695 595 729 elles
623 689 791 728 attirèrent
821 689 950 726 bientôt
973 686 1027 725 ſur
1048 689 1125 726 elles
1146 686 1325 724 l'attention
1347 685 1406 721 des

520 742 663 780 naturels
687 742 732 777 du
757 751 852 790 pays,
882 743 928 776 où
945 740 1021 777 elles
1041 740 1137 777 firent
1158 739 1230 776 leur
1247 736 1404 782 deſcente,

517 808 579 845 par
600 795 829 833 l’enlèvement
858 793 935 827 d’un
958 794 1062 838 grand
1083 794 1185 831 haras.
1246 793 1334 828 Mais
1358 790 1406 826 les

517 848 635 884 ſoldats
656 846 758 895 qu’on
781 843 819 880 fit
850 843 998 880 marcher
1019 841 1220 888 contr’elles,
1256 842 1408 878 honteux

521 902 563 934 de
583 899 768 933 combattre
791 894 846 931 des
872 890 1029 938 femmes,
1065 890 1315 943 probablement
1339 890 1407 938 jeu-

518 965 577 988 nes
593 952 625 987 &
643 945 827 995 bienfaites,
858 944 891 983 ſe
912 947 1138 985 contentèrent
1151 943 1305 983 d'arrêter
1318 943 1407 981 leurs

521 1002 668 1048 courſes;
707 1002 739 1041 &
770 999 908 1039 diverſes
933 1010 1123 1037 rencontres
1146 996 1244 1036 firent
1280 996 1408 1036 bientôt

520 1056 636 1088 réunir
668 1056 715 1086 les
746 1053 831 1084 deux
857 1050 983 1083 armées
1015 1057 1056 1081 en
1088 1057 1134 1081 un
1164 1043 1274 1081 même
1298 1053 1407 1091 camp.

520 1111 569 1143 Le
595 1119 675 1156 pays
697 1108 744 1141 où
767 1106 814 1142 les
835 1108 1025 1142 Amazones
1055 1104 1178 1141 étoient
1198 1099 1409 1147 deſcendues,

521 1163 602 1197 étoit
624 1160 706 1195 celui
732 1157 789 1195 des
816 1157 969 1207 Scythes,
1000 1156 1033 1193 &
1054 1154 1234 1202 changeant
1255 1152 1341 1191 alors
1366 1153 1408 1191 de

522 1216 625 1258 goût,
649 1213 725 1247 elles
750 1210 937 1246 trouvèrert
963 1206 1039 1258 plus
1060 1208 1101 1244 de
1122 1205 1269 1245 douceur
1286 1207 1303 1241 à
1318 1205 1409 1243 vivre

522 1277 615 1301 toute
629 1264 751 1299 l'année
766 1262 883 1310 auprès
906 1261 948 1297 de
971 1264 1057 1297 leurs
1074 1258 1190 1305 maris,
1212 1268 1278 1307 que
1298 1257 1409 1295 d'aller

524 1319 681 1352 chercher
714 1325 789 1349 tous
815 1319 862 1348 les
888 1324 944 1347 ans
968 1323 1014 1347 un
1035 1311 1190 1355 homme,
1223 1320 1263 1344 au
1289 1307 1409 1345 hazard

525 1373 567 1401 de
587 1378 629 1399 ne
650 1369 682 1397 le
700 1365 796 1410 point
815 1372 971 1403 trouver;
1008 1362 1089 1395 mais
1117 1371 1160 1395 en
1186 1358 1297 1394 même
1325 1369 1411 1394 tems

525 1423 602 1458 elles
641 1414 868 1455 conſervèrent
894 1415 1034 1451 l'amour
1064 1416 1105 1451 de
1134 1410 1411 1461 l'indépendance,

524 1475 559 1505 &
582 1480 625 1501 ne
650 1475 797 1514 pouvant
825 1463 857 1501 ſe
882 1462 1039 1501 réſoudre
1062 1466 1081 1499 à
1104 1459 1135 1498 ſe
1165 1459 1342 1499 ſoumettre
1367 1471 1410 1497 au

526 1525 592 1562 Roi
608 1522 664 1558 des
678 1519 834 1569 Scythes,
857 1517 934 1554 elles
953 1516 1150 1564 engagèrent
1175 1514 1262 1553 leurs
1277 1517 1374 1553 maris
1389 1518 1411 1552 à

523 1580 607 1613 faire
624 1585 669 1608 un
689 1573 809 1610 nouvel
826 1569 1054 1610 établiſſement
1070 1568 1206 1607 au-de-la
1218 1569 1263 1607 du
1272 1570 1412 1605 Tanaïs.

524 1636 589 1668 Ces
596 1628 742 1679 Scythes,
757 1627 806 1664 dit
814 1625 998 1671 Hérodote,
1012 1622 1084 1662 ſont
1096 1636 1177 1661 ceux
1191 1622 1292 1661 qu’on
1306 1621 1411 1671 apelle

525 1689 571 1713 les
585 1676 809 1719 Sauromates;
835 1674 867 1710 &
882 1673 968 1707 leurs
983 1670 1122 1710 femmes
1137 1662 1215 1707 auſſi
1228 1670 1412 1717 guerrières

526 1740 664 1783 qu'eux,
689 1734 817 1770 imitent
836 1728 915 1769 aſſez
934 1729 1007 1766 bien
1022 1730 1109 1767 leurs
1124 1728 1252 1766 aïeules.

626 1791 689 1816 Les
714 1793 846 1816 auteurs
865 1779 941 1814 font
963 1789 1083 1814 encore
1105 1777 1255 1812 mention
1275 1773 1317 1811 de
1337 1774 1411 1825 plu-

526 1840 627 1878 ſieurs
643 1837 814 1875 Princeſſes
830 1839 885 1874 des
905 1839 1107 1879 Amazones,
1140 1843 1232 1868 entre
1247 1842 1353 1871 autres
1369 1833 1411 1871 de

527 1891 715 1940 Hippolite,
745 1890 934 1940 Penthéſilée
954 1891 987 1927 &
1013 1884 1205 1934 Thaleſtris;
1234 1895 1314 1923 cette
1336 1885 1412 1922 der-

526 1951 617 1974 nière
630 1944 702 1973 vint
724 1949 858 1971 trouver
882 1935 1067 1972 Alexandre
1089 1935 1120 1969 le
1144 1931 1275 1979 Grand;
1290 1931 1337 1969 ce
1353 1931 1411 1981 qui

528 1996 721 2030 néanmoins
751 1990 796 2027 eſt
830 1992 976 2041 révoqué
999 2002 1039 2026 en
1064 1987 1164 2026 doute
1186 1999 1245 2037 par
1270 1987 1410 2025 d’autres

527 2049 690 2092 Auteurs,
716 2044 749 2080 &
768 2043 839 2080 ſur-
851 2052 924 2079 tout
941 2053 1000 2093 par
1014 2040 1060 2077 les
1074 2037 1265 2081 Modernes.
