1899 2569
350 370 394 415 Je
416 373 542 420 compte
562 382 624 417 que
640 380 698 407 ma
711 373 806 408 lettre
822 373 868 409 eſt
884 387 973 421 pour
985 386 1073 409 vous
1089 385 1120 409 et
1132 388 1223 422 pour
1238 377 1300 411 Iui.

298 424 364 468 J'ai
374 434 449 458 une
464 423 565 470 peine
581 425 701 461 infinie
718 424 738 459 à
754 425 875 467 écrire,
884 427 920 473 je
937 427 1015 460 n'en
1025 428 1103 473 puis
1113 429 1202 475 plus.
1213 430 1301 472 Vale,

305 478 407 513 amice.

480 593 831 654 LETTRE
891 613 1119 655 LXIV.

403 748 519 792 DE
519 749 598 792 M.
648 752 741 793 DE
799 752 1202 796 VOLTAIRE.

729 891 760 915 27
775 885 874 910 d'avril.

299 951 365 1025 JE
381 989 425 1014 ne
442 977 509 1021 fais
509 989 581 1022 pas
599 990 637 1012 ce
652 979 715 1025 qui
729 981 895 1019 arrivera,
912 993 996 1014 mon
1011 981 1090 1015 cher
1105 982 1194 1022 ami;
1216 982 1303 1016 mais

303 1037 451 1083 goûtons
478 1037 635 1085 toujours
662 1041 695 1075 le
725 1041 839 1087 plaiſir
869 1042 1000 1078 d'avoir
1025 1058 1073 1078 vu
1103 1044 1227 1080 chaſſer
1253 1048 1302 1080 les

297 1093 459 1139 jéſuites,
479 1093 541 1130 &c.
563 1095 625 1131 &c.
648 1097 690 1130 Et
706 1107 758 1141 ego
778 1096 812 1131 in
831 1096 960 1133 interitu
980 1095 1076 1142 veſtro
1092 1100 1194 1135 ridebo
1209 1112 1263 1135 vos
1277 1107 1303 1134 et

291 1150 502 1198 ſubſannabo,
529 1154 580 1188 dit
600 1155 634 1189 la
653 1155 954 1193 Sainte-Ecriture.

322 1202 478 1256 J'avais
503 1207 647 1256 envoyé
675 1207 698 1243 à
712 1210 762 1244 la
788 1210 951 1246 chambre
985 1211 1186 1260 ſyndicale,
1218 1224 1301 1246 avec

301 1258 450 1307 laquelle
462 1259 501 1305 je
519 1260 588 1295 n'ai
600 1254 668 1307 pas
677 1261 786 1306 grand
800 1274 1014 1304 commerce,
1033 1266 1116 1299 trois
1139 1266 1299 1301 volumes

302 1318 386 1351 d'un
418 1318 505 1351 livre
533 1328 696 1353 nouveau
733 1319 795 1366 qui
829 1323 922 1358 m'eſt
947 1335 1041 1358 venu
1065 1325 1300 1366 d'Hollande,

300 1373 464 1410 intitulé:
490 1374 673 1423 Queſtions
704 1377 760 1412 ſur
787 1375 1088 1426 l’Encyclopédie,
1117 1380 1256 1417 adreſſés
1279 1381 1302 1416 à

302 1432 356 1465 M.
374 1427 547 1477 Briaſſon,
572 1442 663 1476 pour
680 1430 727 1464 les
744 1439 901 1468 remettre
925 1432 946 1467 à
960 1435 1012 1469 M.
1033 1435 1065 1469 le
1086 1434 1239 1480 marquis
1257 1436 1300 1470 de

302 1484 488 1529 Condorcet.
504 1481 537 1538 Je
552 1499 596 1521 ne
612 1488 674 1524 ſais
687 1489 711 1523 ſi
724 1491 779 1525 M.
793 1489 937 1538 Briaſſon
954 1489 1020 1524 m'a
1038 1492 1147 1526 rendu
1163 1503 1201 1525 ce
1213 1491 1299 1537 petit

300 1530 452 1577 ſervice;
475 1540 548 1580 cela
568 1536 715 1583 pouvait
732 1538 838 1584 paſſer
858 1547 1024 1587 pourtant
1036 1553 1125 1587 pour
1144 1554 1201 1576 ma
1220 1543 1297 1577 der-

300 1596 392 1631 nière
408 1595 566 1637 volonté,
583 1609 639 1631 car
648 1598 710 1644 j'ai
724 1597 775 1632 été
793 1598 1022 1635 très-malade.
1037 1602 1079 1645 Je
1096 1601 1183 1635 crois
1199 1603 1297 1637 avoir

298 1652 409 1697 perdu
427 1653 650 1689 entièrement
669 1655 718 1687 les
735 1666 848 1702 yeux,
868 1664 900 1689 et
917 1667 986 1700 que
1004 1656 1039 1702 je
1056 1657 1137 1693 ſerai
1155 1659 1297 1705 aveugle

294 1705 444 1755 juſqu'à
449 1714 486 1754 ce
497 1720 566 1756 que
581 1709 618 1755 je
641 1712 707 1746 ſois
728 1721 819 1746 mort
836 1712 1044 1750 tout-à-ſait.

341 1765 383 1808 Je
395 1765 492 1800 viens
508 1766 551 1800 de
563 1767 661 1807 voir,
677 1779 724 1799 ou
741 1766 857 1813 plutôt
873 1769 916 1803 de
934 1782 989 1803 me
1013 1771 1096 1804 faire
1113 1771 1193 1810 lire,
1212 1771 1295 1805 dans

299 1820 331 1853 le
351 1819 483 1868 Journal
492 1821 743 1869 encyclopédique,
755 1824 893 1870 l'Epître
904 1838 946 1860 au
956 1826 1007 1860 roi
1018 1827 1059 1860 de
1067 1826 1295 1866 Danemarck,

298 1885 372 1907 non
388 1887 449 1920 pas
465 1875 541 1909 telle
556 1888 624 1922 que
640 1890 729 1912 vous
750 1877 875 1918 l'avez,
894 1880 980 1913 mais
1004 1882 1079 1914 telle
1099 1894 1166 1928 que
1182 1882 1219 1927 je
1239 1882 1293 1917 l'ai

301 1925 453 1974 envoyée
470 1923 491 1959 à
506 1939 542 1961 ce
556 1938 764 1973 monarque,
780 1941 861 1962 avec
878 1942 925 1964 un
940 1931 1026 1976 petit
1041 1932 1129 1968 bout
1143 1934 1184 1966 de
1199 1934 1295 1967 lettre

300 1986 363 2031 qui
385 1989 643 2033 accompagnait
665 1990 804 2026 l'envoi.
828 1993 912 2028 Cela
933 1993 1030 2027 vient
1058 1993 1228 2028 ſurement
1251 1996 1294 2028 de

303 2039 553 2088 Copenhague;
578 2043 610 2076 le
629 2043 699 2078 mal
716 2044 760 2078 eſt
777 2045 1044 2082 très-médiocre.

350 2096 613 2134 Pourriez-vous
627 2110 683 2133 me
698 2098 770 2132 dire
788 2101 870 2146 quel
887 2101 933 2136 eſt
945 2101 1087 2137 l'auteur
1102 2103 1182 2137 d'un
1198 2101 1295 2148 éloge
