1470 2389
403 332 467 365 fête
477 345 514 366 en
525 333 688 370 l'honneur
697 333 737 367 du
751 335 823 370 dieu
834 339 925 382 Apis,
936 338 961 373 il
983 338 1082 375 voulut
1100 341 1164 388 voir
1176 352 1213 376 ce
1226 343 1309 378 dieu.

403 380 456 413 On
473 381 501 413 le
516 381 559 413 lui
575 388 700 419 amena;
715 386 743 415 &
759 383 869 426 ſurpris
885 384 923 416 de
936 396 973 419 ne
988 396 1057 419 voir
1072 391 1164 429 qu'un
1179 396 1253 422 veau
1268 401 1306 422 au

401 426 464 459 lieu
482 429 556 462 d'un
569 428 659 466 dieu,
679 429 703 462 il
718 435 777 464 tira
792 431 844 464 ſon
859 432 1023 477 poignard,
1039 438 1065 468 &
1079 436 1108 468 le
1121 437 1165 472 lui
1177 437 1307 472 enfonca

396 467 468 499 dans
485 468 514 500 la
530 466 632 502 cuiſſe.
678 473 720 504 Le
736 472 813 506 Dieu
829 473 874 504 fut
893 477 1016 509 ramené
1029 474 1103 508 dans
1118 476 1173 508 ſon
1185 473 1306 521 temple,

397 514 440 555 où
456 519 479 548 il
498 523 622 548 mourut
636 518 763 562 quelque
779 527 853 552 tems
865 522 963 565 après.

435 577 469 612 1)
486 575 580 608 croire.
637 577 673 614 2)
689 579 847 617 apprendre.

678 696 748 745 86.
780 691 1011 753 Philippus.

482 788 624 832 Philippe
643 790 690 823 fut
708 802 749 824 un
772 790 824 823 des
838 786 906 836 plus
929 789 1037 839 grands
1056 798 1120 834 rois
1141 799 1182 831 de
1200 798 1302 835 Macé-

394 828 497 865 doine.
544 834 602 864 Peu
617 832 655 863 de
670 840 748 871 tems
763 834 848 876 après
870 835 901 868 la
922 835 1073 873 naiſſance
1091 839 1303 879 d’Aléxandre,

393 876 447 908 ſon
465 878 527 913 fils,
543 876 567 911 il
580 879 691 912 écrivit
707 883 720 912 à
728 881 855 914 Ariſtote
870 892 952 925 pour
967 881 994 913 le
1009 885 1111 927 prier,
1122 886 1162 918 de
1177 887 1209 919 ſe
1209 887 1301 921 char-

391 929 446 959 ger
458 921 496 954 de
508 923 560 956 ſon
576 921 754 957 éducation:
777 926 836 963 „Je
848 936 926 959 vous
942 928 1103 972 apprends,
1124 930 1221 969 dit-il,
1241 943 1302 974 que

390 967 465 1005 „j'ai
481 980 521 1000 un
540 969 604 1001 fils:
628 974 655 1009 je
670 971 758 1003 rends
771 982 872 1011 graces
881 977 946 1011 aux
959 976 1076 1012 Dieux,
1092 986 1153 1009 non
1167 987 1220 1018 pas
1237 987 1301 1018 tant

390 1013 451 1051 „de
471 1005 522 1044 me
536 1011 645 1045 l'avoir
657 1012 777 1049 donné,
800 1010 861 1057 que
872 1016 914 1049 de
933 1028 984 1050 me
1008 1018 1115 1052 l'avoir
1136 1019 1237 1054 donné
1257 1022 1298 1056 du

388 1063 487 1095 „tems
501 1059 677 1095 d’Ariſtote:
701 1062 752 1102 j'ai
772 1062 832 1096 lieu
851 1064 896 1107 1)
914 1064 953 1097 de
967 1076 1017 1098 me
1029 1073 1215 1113 promettre,
1236 1078 1299 1112 que

385 1110 485 1139 „vous
507 1112 544 1137 en
565 1103 645 1137 ferez
668 1116 708 1138 un
729 1101 906 1151 ſucceſſeur
917 1103 1007 1154 digne
1025 1108 1064 1142 de
1084 1121 1179 1149 nous,
1207 1114 1236 1144 &
1254 1123 1298 1148 un

384 1148 458 1184 „roi
472 1148 564 1189 digne
575 1149 613 1183 de
627 1150 656 1183 la
670 1150 886 1189 Macédoine.“

472 1193 514 1224 Ce
530 1193 635 1235 prince
649 1193 756 1228 faiſant
774 1194 809 1228 le
821 1195 894 1242 ſiège
906 1197 946 1231 de
954 1198 1110 1238 Méthone,
1128 1201 1215 1235 After
1228 1201 1300 1236 s’of-

383 1236 440 1271 frit
461 1241 477 1271 à
498 1238 542 1270 lui
564 1239 614 1271 ſur
628 1239 657 1271 le
671 1241 741 1283 pied
761 1241 824 1275 d'un
841 1243 989 1278 excellent
1002 1247 1116 1284 tireur,
1139 1259 1179 1279 en
1192 1249 1237 1281 Iui
1251 1250 1298 1282 di-

384 1278 459 1314 ſaut,
473 1280 550 1322 qu'il
566 1290 604 1310 ne
619 1282 778 1325 manquoit
792 1284 899 1322 jamais
915 1285 961 1318 les
973 1287 1108 1331 oiſeaux,
1121 1288 1182 1319 lors
1197 1287 1296 1325 même

383 1324 471 1366 qu'ils
492 1326 631 1360 voloient
652 1329 681 1360 le
703 1329 770 1372 plus
791 1330 864 1363 vîte.
902 1333 957 1366 Eh
969 1334 1059 1369 bien,
1080 1336 1128 1368 dit
1143 1336 1296 1380 Philippe,

383 1367 412 1402 je
434 1375 509 1397 vous
528 1368 672 1409 prendrai
695 1372 708 1399 à
738 1380 805 1402 mon
820 1370 957 1415 fervice,
988 1370 1096 1415 quand
1116 1377 1145 1414 je
1164 1374 1241 1410 ferai
1263 1379 1294 1411 la

381 1417 492 1448 guerre
513 1419 570 1441 aux
583 1410 778 1445 étourneaux.
806 1413 909 1446 Aſter
924 1415 1015 1459 pique
1030 1415 1060 1447 ſe
1075 1420 1146 1457 jetta
1167 1419 1240 1452 dans
1262 1422 1293 1455 la

380 1453 468 1497 place
499 1453 554 1495 2),
577 1458 599 1486 &
617 1460 684 1489 tira
705 1468 765 1490 une
785 1459 898 1494 flèche.
927 1460 979 1491 ſur
1000 1460 1132 1505 laquelle
1153 1475 1201 1497 ces
1216 1473 1293 1500 mots

380 1497 495 1533 étoient
510 1498 615 1535 écrits:
660 1505 685 1536 A
700 1504 786 1537 l'oeil
808 1505 892 1538 droit
913 1506 952 1540 de
965 1507 1116 1552 Philippe.
1162 1512 1204 1544 En
1220 1511 1292 1547 effet

377 1543 400 1579 il
425 1543 468 1576 lui
490 1554 580 1576 creva
601 1544 680 1579 l'oeil
699 1547 792 1580 droit.
846 1547 1014 1585 Excellente
1036 1548 1124 1594 leçon
1148 1563 1227 1596 pour
1248 1556 1291 1587 les

376 1590 506 1631 princes,
520 1588 573 1628 qui
587 1586 653 1621 font
668 1584 718 1620 les
727 1591 860 1623 mauvais
877 1591 1005 1637 plaiſans
1025 1594 1069 1636 3).
1115 1601 1140 1631 Il
1155 1600 1206 1643 eſt
1217 1602 1291 1644 vrai,

376 1636 518 1676 qu'ayant
532 1633 593 1675 pris
602 1637 638 1674 4)
651 1634 680 1667 la
689 1635 761 1669 ville
774 1636 798 1669 il
812 1639 845 1669 fit
858 1639 972 1682 pendre
980 1642 1081 1679 Aſter;
1098 1646 1173 1675 mais
1188 1644 1215 1675 il
1215 1646 1288 1677 n’en

376 1683 424 1714 fut
439 1690 488 1724 pas
505 1681 602 1721 moins
621 1683 745 1722 borgne.

413 1745 447 1781 1)
462 1743 500 1778 ich
512 1744 576 1777 habe
590 1744 701 1780 Urſache.
773 1748 808 1786 2)
826 1749 867 1781 die
889 1750 1019 1789 belagerte
1030 1752 1133 1787 Stadt.
1191 1752 1223 1792 3)
1238 1753 1288 1786 den

445 1780 626 1821 Spaßmacher
640 1781 740 1819 ſpielen.
801 1785 838 1822 4)
851 1788 976 1824 prendre.

573 1899 641 1952 87.
661 1892 799 1944 Solon
815 1903 897 1948 und
913 1898 1086 1957 Kroͤſus.

457 1998 592 2041 Lorsque
600 1998 691 2033 Solon
705 2008 756 2032 eut
764 2001 868 2045 publié
877 1996 921 2037 ſes
931 2004 1004 2043 loix,
1013 2006 1037 2037 il
1049 2013 1116 2039 crut
1126 2009 1161 2047 1)
1172 2004 1284 2044 devoir

371 2036 534 2079 s'éloigner
554 2051 632 2083 pour
654 2045 785 2085 quelque
805 2053 896 2080 tems,
917 2051 948 2077 &
960 2056 1099 2090 voyagea
1112 2056 1150 2078 en
1167 2042 1280 2096 Egypte

372 2090 403 2121 &
417 2099 455 2130 en
469 2086 576 2127 Lydie.
598 2093 684 2127 Etaut
697 2092 799 2131 arrivé
814 2096 829 2127 à
839 2093 958 2136 Sardes,
969 2094 1100 2141 capitale
1110 2095 1151 2130 de
1164 2101 1199 2142 ce
1211 2098 1280 2142 der-
