1589 2404
412 348 517 392 Sect.
535 350 589 393 A.
612 349 724 391 Tab.
742 350 832 389 VII.

1009 356 1062 396 47

176 532 217 559 12

175 780 216 830 13

168 1325 211 1353 14

166 1610 206 1644 15

218 433 344 474 Ludewig
367 432 498 477 Canzlern
515 444 543 469 u.
560 433 647 475 Prof,
664 436 718 473 jur.
738 443 770 475 zu
792 436 890 476 Halle)
911 437 1065 474 Teutſchen⸗

220 482 352 522 thal708.
362 481 430 514 Das
440 483 588 522 Chaͤrtchen
599 487 646 514 des
654 482 745 522 Proſp
763 492 789 517 v.
800 483 963 521 Neuſchatel
974 484 1064 524 fehlet.

238 533 264 557 a.
280 525 320 564 J.
341 525 383 565 H.
405 528 528 567 Schuͤtte
557 526 666 569 Beſchr.
697 531 745 561 des
772 527 919 566 Cleviſchen
942 527 1067 567 Geſund⸗

217 570 372 605 brunnens,
391 568 471 602 Cleve
492 575 557 602 742

259 612 284 643 b.
305 611 400 644 Ebend
442 614 488 642 der
516 612 599 651 rechte
627 610 772 649 Gebrauch
800 613 856 643 und
883 612 925 646 die
952 611 1063 651 kraͤftige

216 654 362 693 Wuͤrkung
382 657 429 686 des
451 654 599 692 Cleviſchen
622 656 687 692 Geſ.
710 656 768 688 Br.
789 662 862 694 751.

258 706 280 730 c.
302 698 406 730 Ebend.
428 698 510 732 Neue
523 699 624 740 Beſchr
645 702 691 732 des
707 699 1065 739 Schwelmergeſundbrun⸗

216 748 297 781 nens,
320 743 410 783 Soeſt
426 750 499 783 733.

243 794 268 817 a.
289 786 317 819 A.
343 786 384 827 H.
406 787 529 825 Franken
555 788 741 826 Segensvolle
765 787 920 826 Fußtapfen
936 795 963 818 u.
984 787 1003 825 ſ.
1026 795 1063 819 w.

215 843 276 874 oder
296 842 443 880 Nachricht
460 849 515 872 von
538 845 597 875 dem
627 842 827 881 Wayſenhauſe
855 847 912 873 und
934 844 1062 881 uͤbrigen

215 884 356 923 Anſtalten
374 893 407 923 zu
426 884 554 924 Glaucha
580 893 631 917 vor
649 886 744 925 Halle.
775 891 824 923 3te
840 886 935 925 Aufl.
964 887 1062 934 Halle,

214 936 288 954 709,
312 936 380 954 1T

250 962 319 999 b⸗g.
339 964 371 992 I-
387 965 431 994 VI.
451 961 621 1004 Fortſetzung
640 962 730 1000 obiger
750 961 898 1001 Nachricht
917 956 993 1009 nebſt
1014 964 1061 998 Re⸗

214 1012 290 1039 giſter
316 1019 391 1039 709.

222 1043 281 1082 h.
304 1043 433 1077 Gruͤndl.
458 1039 688 1082 Beantwortung
716 1044 762 1075 der
790 1040 892 1082 Cenſur
917 1049 951 1075 ꝛc.
978 1052 1062 1081 gegen

213 1096 263 1127 das
281 1091 487 1135 Wayſenhaus,
518 1087 597 1129 Halle
612 1100 687 1129 709.

253 1140 271 1173 i.
293 1140 442 1181 Nachricht
464 1147 518 1172 von
545 1142 590 1173 der
617 1141 785 1186 Verfaſſung
807 1143 854 1174 des
873 1140 1060 1183 Wayſenhau⸗

212 1182 251 1221 ſes
273 1186 311 1218 im
334 1183 401 1224 Jul.
427 1190 518 1225 1709,
540 1191 587 1217 2te
608 1186 677 1221 Aufl

250 1229 274 1263 k.
298 1228 496 1270 Abgenoͤthigte
516 1230 739 1274 Vertheidigung
757 1232 802 1261 der
815 1224 946 1273 gruͤndl.
950 1230 1061 1265 Beant⸗

211 1277 350 1312 wortung,
373 1273 419 1310 (n.
436 1272 481 1313 h.)
498 1279 546 1305 2te
560 1273 637 1314 Aufl.
659 1264 745 1315 Halle
764 1281 850 1314 711.

232 1315 258 1345 a.
278 1315 318 1357 Jo
349 1319 514 1366 Mabillonii
528 1310 547 1315 iter
528 1315 579 1346 iter
603 1322 809 1348 Germanicum
825 1322 850 1351 &
872 1322 921 1359 Jo·
936 1315 1058 1353 Launoii

211 1367 249 1405 de
257 1364 367 1407 ſcholis
382 1363 586 1406 celebrioribus
597 1385 613 1405 a
638 1375 745 1406 Carolo
767 1374 810 1405 M.
826 1366 855 1406 &
879 1372 942 1415 poſt
957 1375 1057 1409 Carol.

212 1419 254 1450 M.
275 1416 435 1455 inſtauratis
453 1415 535 1451 liber,
547 1416 687 1449 accedunt
699 1418 775 1448 varia
785 1416 838 1452 &c.
849 1426 908 1450 cur.
920 1410 948 1460 J.
960 1423 995 1451 A.
1005 1417 1057 1452 Fa-

210 1448 310 1498 bricio,
330 1450 487 1499 Hamburg
501 1449 576 1500 717.

251 1504 276 1535 b.
304 1504 406 1547 Joach.
443 1505 601 1538 Camerarii
643 1504 835 1549 Epiſtolarum
868 1504 1061 1539 familiarium

209 1546 288 1585 Libri
304 1550 343 1583 VI
371 1548 502 1583 Francof.
521 1552 612 1589 1583.

227 1611 253 1636 a.
273 1604 308 1639 D
336 1605 366 1646 J
397 1606 430 1641 C.
454 1604 486 1638 C.
511 1605 634 1643 Oelrichs
655 1608 706 1638 das
730 1606 878 1645 geprieſene
907 1606 1057 1641 Andenken

209 1656 254 1685 der
279 1652 485 1691 Pommerſchen
505 1651 646 1693 Herzoge,
684 1655 763 1690 durch
793 1652 952 1693 Erzaͤhlung
983 1654 1057 1691 ihrer

208 1697 367 1733 Schriften,
388 1698 571 1736 Denkmaͤler,
592 1697 872 1737 Begraͤbnismuͤnzen
894 1706 927 1730 ꝛc.
943 1699 1058 1738 Berlin,

208 1743 266 1775 763
285 1746 308 1770 1
317 1744 360 1775 T.

249 1775 274 1799 b.
295 1770 400 1800 Ebend.
422 1770 562 1811 Entwurf
573 1759 647 1799 einer
666 1775 862 1805 pommerſchen
884 1775 1058 1808 vermiſchten

207 1819 368 1856 Bibliothek
383 1829 438 1854 von
456 1821 604 1861 Schriften
621 1829 652 1859 zu
661 1825 710 1853 den
719 1820 941 1859 Alterthuͤmern,
957 1822 1060 1863 Kunſt⸗

207 1863 308 1906 ſachen,
337 1865 477 1905 Muͤnzen,
493 1866 701 1905 Naturhiſtorie
720 1877 753 1900 ꝛc.
781 1867 883 1899 Berlin
898 1875 971 1905 771.

249 1918 271 1942 c.
295 1906 399 1941 Ebend.
420 1908 556 1947 Entwurf
574 1910 645 1942 einer
660 1907 821 1947 Bibliothek
836 1917 883 1949 zur
899 1907 996 1950 Geſch.
1011 1912 1058 1944 der

206 1948 369 1989 Gelartheit
382 1952 411 1984 in
425 1951 597 1991 Pommern,
618 1951 737 1985 Stettin
750 1950 825 1993 765.

912 2008 937 2037 d.
953 2004 1059 2037 Ebend.
