1470 2389
189 370 267 402 Mais
280 369 323 406 les
335 365 449 401 frêlons
464 376 525 410 peu
537 370 595 398 s'en
609 359 850 403 embaraſſèrent.

191 418 297 457 Quand
314 418 454 449 l'Aurore
472 426 520 448 eut
533 418 632 449 chaſſé
645 418 673 447 la
688 417 763 449 nuit,

190 459 216 487 A
231 458 357 488 l'inſtant
371 458 408 485 de
424 457 488 484 leur
503 461 569 484 trou
583 456 695 484 ſortant
710 462 781 481 avec
794 451 886 491 grand
901 449 981 487 bruît

190 507 260 537 Sans
277 507 432 546 beaucoup
443 504 577 536 d'efforts
590 504 626 536 ils
640 503 787 547 paſſèrent

187 551 235 581 Au
250 547 361 584 travers
377 550 426 580 des
439 549 550 588 foibles
573 546 706 583 réſeaux.

189 598 289 628 Notre
301 597 419 633 Aragne
440 592 691 636 préſomptueuſe,

187 637 306 671 Voyant
323 632 352 663 ſa
369 633 441 665 toile
456 637 484 667 &
501 634 543 665 ſes
558 641 615 665 rets
629 643 665 668 en
678 631 848 667 lambeaux,

189 680 314 714 S'enfuit
328 691 363 710 en
378 679 444 713 hâte
466 683 496 712 &
511 680 581 711 bien
604 677 756 710 honteuſe.

192 725 256 758 Elle
270 723 315 756 fut
330 724 408 755 alors
423 729 489 766 trop
506 721 658 759 heureuſe

191 770 237 800 De
253 765 311 798 s'en
329 761 484 797 retourner
503 776 540 796 au
560 759 646 802 logis,

159 813 286 845 Vivre
298 808 348 841 des
363 810 560 841 moucherons
576 819 634 850 que
654 807 684 839 ſa
702 806 784 842 mère
797 807 882 852 avoit
895 806 1002 850 pris.

191 899 234 929 La
247 897 392 936 jeuneſſe,
416 902 493 938 pour
507 894 681 930 l'ordinaire

191 943 438 987 Préſomptueuſe
462 946 489 975 &
510 938 680 977 téméraire,

187 984 242 1015 Ne
256 981 388 1007 conſulte
398 981 566 1015 perſonne,
580 989 683 1021 encor
701 978 798 1004 moins
818 978 848 1013 la
859 976 975 1014 raiſon.

192 1032 274 1060 Avec
287 1029 325 1060 de
344 1029 442 1062 beaux
462 1028 574 1068 projets
584 1024 629 1069 tel
638 1025 698 1059 ſort
709 1027 747 1062 de
764 1026 796 1058 la
808 1025 936 1061 maiſon,

194 1075 254 1110 Qui
275 1072 304 1103 le
319 1072 383 1114 plus
395 1072 519 1104 ſouvent
535 1071 564 1107 ſe
585 1071 770 1112 mécompte,

195 1114 229 1144 Et
236 1106 338 1152 qu'on
348 1123 364 1146 y
380 1113 444 1142 voit
457 1120 572 1142 rentrer
585 1120 658 1142 avec
673 1110 702 1140 ſa
715 1112 817 1140 courte
838 1111 932 1140 honte
946 1107 1005 1150 2).

230 1157 269 1192 1)
285 1148 380 1188 valoir.
413 1156 455 1192 2)
469 1155 519 1186 mit
532 1154 658 1190 Schimpf
668 1155 720 1186 und
736 1144 869 1189 Schande.

335 1243 430 1279 III.
468 1213 696 1292 Getaͤuſchte
710 1227 956 1289 Hoffnung.

162 1344 325 1378 Perrette
340 1340 390 1373 ſur
402 1339 431 1373 ſa
442 1340 504 1377 tête
524 1347 612 1378 ayant
623 1349 663 1371 un
676 1345 730 1381 pot
740 1349 777 1371 au
790 1337 858 1377 lait,

194 1392 267 1423 Bien
282 1388 352 1432 poſé
370 1389 418 1421 ſur
431 1388 481 1421 ſon
496 1388 645 1424 couſſinet,

195 1428 364 1467 Prétendoit
379 1429 494 1460 arriver
508 1428 572 1459 ſans
586 1427 748 1460 encombre
770 1428 784 1459 à
801 1428 830 1460 la
845 1426 929 1464 ville,

193 1476 306 1514 Légère
319 1479 346 1507 &
361 1476 550 1510 court-vêtue
568 1477 626 1509 elle
643 1476 729 1508 alloit
748 1476 761 1505 à
778 1473 883 1513 grands
898 1481 970 1515 pas;

193 1525 289 1557 Ayant
304 1522 359 1553 mis
376 1533 410 1552 ce
424 1521 532 1560 jour-Ià
550 1532 626 1562 pour
647 1520 709 1553 être
724 1520 787 1563 plus
800 1519 881 1560 agile

194 1565 327 1606 Cotillon
343 1564 462 1606 ſimple,
485 1568 514 1598 &
540 1564 666 1601 ſouliers
686 1562 771 1606 plats,

193 1611 292 1641 Notre
305 1606 421 1645 laitière
442 1607 514 1637 ainſi
530 1606 670 1642 trouſſée,

192 1649 346 1692 Comptoit
358 1650 425 1687 déja
441 1651 512 1681 dans
528 1650 557 1681 ſa
565 1646 681 1692 penſée

193 1697 281 1728 Tout
294 1692 321 1724 le
335 1694 401 1732 prix
413 1691 451 1722 de
464 1692 516 1731 ſon
528 1689 601 1738 lait;
624 1702 661 1721 en
681 1690 844 1737 employoit
859 1689 1001 1729 l'argent;

195 1729 334 1770 Achetoit
349 1739 389 1760 un
404 1722 469 1762 cent
481 1732 621 1777 d'oeufs,
621 1734 736 1776 faiſoit
753 1737 840 1771 triple
861 1733 993 1765 couvée;

195 1782 238 1816 La
252 1778 341 1811 choſe
356 1778 441 1810 alloit
455 1780 469 1808 à
486 1779 556 1811 bien
574 1788 627 1819 par
643 1779 696 1812 ſon
707 1780 784 1810 ſoin
800 1779 935 1817 diligent.
958 1788 1002 1803 —

195 1826 245 1864 „Il
262 1826 362 1864 m'eſt,
385 1824 564 1861 diſoit-elle,
580 1824 687 1862 facile,

197 1862 338 1902 D'élever
351 1864 402 1895 des
414 1864 527 1905 poulets
543 1870 650 1898 autour
670 1868 707 1895 de
720 1875 769 1895 ma
784 1862 918 1900 maiſon;

194 1912 237 1943 Le
257 1908 373 1945 Renard
390 1907 453 1939 ſera
469 1905 545 1941 bien
554 1900 671 1946 habile,

196 1957 247 1990 S'il
262 1968 298 1988 ne
312 1958 385 1987 m'en
403 1953 485 1987 laiſſe
501 1953 576 1986 aſſez
599 1963 676 1998 pour
691 1954 777 1984 avoir
790 1964 830 1983 un
852 1951 982 1990 cochon,

195 2000 238 2035 Le
254 2011 324 2043 porc
337 2000 351 2030 à
366 1999 554 2038 s’engraiſſer
567 2007 688 2035 coutera
710 2010 766 2041 peu
780 1998 817 2029 de
831 1998 901 2042 ſon;

195 2045 222 2077 Il
237 2045 310 2076 étoit
322 2039 419 2084 quand
435 2042 464 2079 je
477 2040 547 2072 l'eus
563 2040 600 2078 de
613 2033 765 2080 grandeur
776 2039 981 2077 raiſonnable:

196 2088 328 2132 J'aurai,
349 2089 379 2124 le
392 2088 572 2128 revendant,
593 2088 632 2126 de
643 2086 766 2129 l'argent
778 2089 827 2122 bel
840 2092 869 2128 &
883 2090 961 2126 bon;
