1353 2098
488 379 608 408 mour
618 373 675 414 de
675 370 729 415 la
729 373 869 418 vérité,
885 376 933 426 &
933 377 1057 429 parce
1066 375 1160 429 qu'il

487 429 752 481 m'apartient,
762 437 822 474 &
845 431 955 490 auſſi
962 440 1067 490 parce
1088 442 1159 487 que

479 484 546 535 j'ai
562 487 645 534 lieu
645 488 703 535 ne
718 487 884 541 craindre
908 493 976 547 que
996 486 1060 549 ſon
1085 488 1162 546 deſ-

486 539 607 596 eſpoir
621 554 674 588 ne
680 544 786 591 force
792 539 899 596 enfin
899 544 948 597 ſa
948 552 1081 600 vertu;
1095 559 1156 593 car

483 602 662 649 l'homme
677 602 834 658 ici-bas,
847 603 907 665 qui
927 604 987 662 eſt
1001 605 1153 661 fragile,

483 653 623 703 donne
642 657 824 711 toûjours
848 654 921 722 lieu
942 660 1151 716 d'aprehen-

483 712 582 754 der:
583 718 649 758 &
649 715 696 759 je
710 720 757 760 le
757 712 898 762 conois
898 726 1007 764 ꝑour
1015 729 1086 772 l'un
1104 713 1158 773 de

480 787 541 820 ces
552 771 687 831 gênies
707 772 846 836 aƈtifs
866 785 936 838 que
959 776 1014 837 les
1032 775 1155 838 ſuites

478 833 786 881 n'épouventent
805 848 924 891 guere
966 838 1040 891 lors
1064 829 1153 891 qu'

477 902 595 954 ayant
615 894 689 956 fait
710 894 765 957 de
765 894 863 958 ſon
882 895 1004 960 mieux
1046 897 1159 954 pour

476 953 615 1010 choiſir
615 960 685 1012 un
701 955 815 1004 Parti,
816 957 885 997 ſa
885 959 1106 1003 conſcience
1121 979 1146 1006 a

473 1002 528 1058 ſû
537 1014 641 1058 chez
649 1014 866 1073 Iui-même
866 1017 914 1074 Ie
924 1009 1076 1076 mettre
1093 1007 1148 1083 en

471 1064 608 1125 ſûreté.
646 1080 726 1123 Ses
724 1074 938 1130 ennemis,
952 1070 1088 1130 SIRE,
1097 1067 1146 1134 de

473 1125 595 1175 même
611 1144 686 1189 que
686 1128 761 1190 ſes
761 1125 914 1192 Juges,
926 1125 1142 1192 prévenus

471 1203 524 1237 ou
539 1202 703 1233 gagnez,
714 1189 751 1242 ſe
761 1187 837 1236 ſont
853 1187 952 1230 donc
969 1190 1055 1232 bien
1061 1189 1145 1244 mé-

468 1251 560 1295 pris,
577 1261 630 1285 ou
644 1258 714 1286 ont
728 1248 787 1287 été
803 1252 876 1291 très
896 1243 1074 1303 mechans
1089 1254 1141 1296 de

469 1317 598 1355 l'avoir
637 1310 760 1358 voulu
767 1311 934 1361 noircir:
958 1306 1011 1366 Ne
1025 1312 1140 1368 ſeroi-

467 1362 597 1415 ent-ils
620 1379 677 1417 pas
693 1371 936 1416 eux-mêmes
952 1367 1013 1417 les
1045 1381 1141 1412 cou-

467 1426 617 1479 pables,
633 1430 668 1468 &
693 1428 888 1482 vraiment
914 1422 1045 1492 dignes
1083 1434 1142 1484 de

465 1480 666 1542 punition,
680 1480 823 1535 d'avoir
843 1482 910 1535 oſé
928 1485 1140 1549 employer

462 1549 497 1587 le
513 1560 607 1589 nom
622 1550 670 1594 de
685 1550 806 1596 Vôtre
816 1550 981 1605 Majeſté
987 1566 1085 1606 pour
1093 1547 1137 1597 le

462 1607 630 1660 perdre?
644 1613 700 1662 Je
742 1604 926 1670 demande
958 1614 1054 1664 donc
1082 1629 1133 1657 en

463 1676 570 1718 grace
582 1658 620 1722 à
628 1659 738 1718 Vôtre
748 1658 918 1735 Majeſté,
947 1659 1067 1738 SIRE,
1077 1659 1137 1742 de
