1473 2277
415 352 569 400 Gnathon.
597 367 611 394 3
647 364 686 411 Je
720 359 898 399 donnerois
934 358 1075 411 quelque
1102 362 1198 403 choſe
1228 366 1269 402 de

361 415 449 452 bon,
470 421 509 455 a)
537 424 600 461 que
623 427 703 449 vous
727 413 843 452 euſſiez
866 417 1066 453 maintenant
1090 427 1155 453 une
1177 417 1268 453 fron-

363 467 414 508 de,
429 464 461 507 b)
489 463 553 501 afin
567 478 630 513 que
645 463 741 502 caché
759 467 799 501 ici
821 469 982 511 derriere’,
1006 478 1087 502 vous
1107 468 1153 503 les
1175 471 1267 506 char-

360 515 496 561 geaſſiez
511 519 540 563 c)
568 518 608 553 de
622 518 709 557 loin,
736 515 773 551 ils
790 520 1005 568 prendroient
1017 518 1048 554 la
1064 516 1154 554 fuite.

416 572 565 615 Thraſon.
588 576 675 608 Mais
693 572 775 609 voilà
791 577 907 612 Thaïs.

414 618 569 651 Gnathon.
597 615 825 650 Allons - nous
844 618 889 650 les
907 617 1043 663 charger
1053 624 1125 652 tout
1138 615 1267 665 préſen-

363 669 521 713 tement?

417 718 564 768 Thraſon.
588 720 745 765 Attends;
765 724 783 750 4
799 732 844 757 un
859 720 994 759 homme
1011 717 1089 769 ſage,
1102 730 1195 759 avant
1205 731 1269 769 que

361 773 433 809 d'en
451 771 543 806 venir
553 783 611 806 aux
627 771 741 815 mains,
755 771 823 808 doit
837 783 910 809 tout
925 783 1043 810 mettre
1056 786 1097 809 en
1113 770 1233 822 uſage,
1222 772 1269 818 d)

361 830 394 865 &
410 825 581 878 employer
597 828 641 864 les
657 827 781 877 paroles
799 829 908 879 plûtôt
927 842 990 878 que
1012 831 1056 866 les
1072 841 1186 874 armes,
1203 840 1267 878 que

359 880 481 917 ſais - tu
495 879 519 916 ſi
531 881 590 916 elle
600 894 642 916 ne
657 879 727 916 fera
742 893 798 930 pas
811 881 850 917 de
865 881 975 919 bonne
990 894 1084 928 grace
1097 880 1135 928 e)
1152 894 1190 919 ce
1202 893 1267 929 que

357 934 392 979 je
408 938 517 972 veux?

414 979 564 1015 Gnathon.
599 978 729 1015 Grands
742 979 879 1020 Dieux,
913 979 988 1029 quel
1015 989 1166 1026 avantage
1189 979 1268 1018 c’eſt

360 1047 425 1082 que
439 1036 540 1072 d’être
556 1037 660 1073 habile
674 1038 826 1073 homme!
835 1038 879 1083 f)
899 1038 1008 1082 jamais
1022 1037 1054 1084 je
1069 1037 1268 1086 n'approche

360 1085 400 1117 de
423 1094 504 1116 vous
520 1095 584 1127 que
595 1083 627 1127 je
638 1096 679 1117 ne
696 1086 782 1118 m’en
797 1096 954 1118 retourne
968 1087 1041 1129 plus
1057 1084 1170 1119 ſavant.
1176 1087 1217 1129 g)

415 1130 566 1181 Thraſon.
585 1134 699 1174 Thaïs,
713 1130 881 1180 répondez
897 1133 913 1167 à
929 1144 965 1168 ce
981 1145 1044 1181 que
1056 1133 1089 1181 je
1107 1134 1171 1168 vais
1189 1147 1268 1171 vous

360 1185 439 1222 dire.
493 1182 610 1235 Quand
622 1184 654 1235 je
670 1198 749 1223 vous
765 1186 790 1222 ai
810 1184 920 1224 donné
936 1197 1018 1225 cette
1032 1187 1125 1235 Fille,
1137 1198 1179 1226 ne
1196 1190 1269 1225 m'a-

1194 1259 1267 1284 vez-

397 1303 430 1341 a)
452 1297 512 1342 Jch
529 1300 615 1335 wolte
630 1299 727 1336 etwas
742 1300 845 1336 Gutes
866 1304 954 1338 drum
973 1299 1073 1343 geben.

399 1352 429 1387 b)
451 1350 523 1385 Eine
539 1349 709 1389 Schleuder.

399 1393 434 1431 c)
454 1389 517 1431 Jhr
531 1392 588 1433 auf
599 1391 634 1433 ſie
649 1392 826 1432 loßkeuletet.

399 1430 438 1461 d)
461 1429 564 1455 Bevor
578 1432 649 1454 man
671 1429 705 1453 es
725 1431 759 1464 zu
781 1428 873 1455 einem
886 1412 1114 1465 Handgemenge
1134 1412 1266 1457 kommen

442 1477 511 1519 laͤſt,
534 1479 608 1514 alles
621 1482 781 1515 anwenden
796 1480 870 1519 ſolle.

399 1524 431 1561 e)
454 1523 520 1562 Auf
530 1526 591 1558 eine
612 1523 781 1565 anſtaͤndige
794 1525 860 1561 Art.

389 1561 435 1603 f)
455 1561 537 1597 Was
553 1563 585 1603 iſt
599 1563 668 1602 doch
686 1563 744 1598 das
767 1568 821 1595 vor
844 1564 888 1598 ein
904 1562 1059 1606 Vortheil,
1080 1564 1128 1597 ein
1140 1562 1266 1606 geſchick⸗

444 1615 485 1642 ter
500 1610 604 1649 Mann
620 1620 653 1653 zu
668 1609 762 1652 ſeyn!

396 1652 439 1695 g)
460 1652 536 1692 Daß
550 1655 589 1695 ich
606 1654 680 1695 nicht
694 1650 834 1697 gelehrter
851 1658 952 1689 davon
969 1652 1049 1696 gehe.

398 1715 415 1747 3
440 1707 523 1738 Cette
530 1708 649 1745 réponſe
659 1709 699 1740 du
710 1710 788 1738 Para-

353 1748 403 1780 ſite
417 1748 456 1779 eſt
471 1747 678 1787 merveilleuſe,
702 1758 738 1778 en
756 1757 787 1781 ce

352 1792 457 1832 qu’elle
471 1791 511 1823 eſt
528 1793 753 1831 proportionnée
770 1793 787 1823 à

351 1838 383 1869 la
383 1838 492 1870 lacheté
507 1838 547 1869 du
559 1836 706 1877 Capitaine
719 1839 752 1869 &
769 1839 785 1869 à

350 1878 378 1910 ſa
394 1882 512 1912 vanité:
536 1892 581 1911 car
594 1879 614 1909 ſi
631 1882 700 1913 d’un
722 1882 785 1913 côté

350 1935 392 1954 on
409 1924 434 1954 ſe
450 1925 497 1956 bat
513 1927 548 1956 de
563 1924 624 1954 loin
647 1933 713 1954 avec
726 1935 784 1954 une

352 1970 466 2010 fronde,
480 1970 545 2002 c’eſt
552 1971 682 2009 toûjours
692 1971 717 2002 ſe
725 1972 783 2002 bat-

350 2023 408 2054 tre,
422 2016 454 2048 &
462 2014 535 2051 dans
535 2015 579 2052 les
591 2015 711 2053 Armées
724 2017 747 2050 il
758 2025 782 2061 y

833 1709 909 1738 avoit
916 1707 1141 1740 ordinairement
1149 1708 1198 1741 des
1205 1711 1267 1741 Sol-

831 1750 898 1781 dats
898 1754 997 1782 armez
1004 1752 1043 1783 de
1053 1752 1180 1784 frondes.
1210 1753 1265 1784 Ce-

830 1797 856 1827 la
869 1799 907 1829 eſt
921 1797 979 1833 fort
991 1798 1093 1829 adroit.

872 1846 894 1877 4
915 1839 960 1872 Ce
980 1838 1113 1869 fanfaron
1133 1847 1172 1868 ne
1192 1839 1266 1872 laiſſe

829 1890 877 1919 pas
889 1881 925 1913 de
940 1882 1002 1914 dire
1017 1883 1052 1913 de
1068 1882 1264 1915 très - bonnes

827 1926 939 1964 choſes;
961 1926 1022 1956 rien
1036 1926 1105 1956 n'eſt
1119 1927 1182 1968 plus
1199 1938 1265 1957 con-

829 1969 923 2003 forme
935 1974 950 2002 à
965 1973 991 2002 la
1007 1969 1107 2002 Raiſon
1123 1981 1180 2013 que
1195 1979 1267 2003 cette

827 2015 960 2050 maxime.
