3013 4562
381 937 635 1014 Nazareth
666 939 721 1011 iſt
745 942 819 1000 ein
845 938 975 1012 Held
999 936 1123 1012 ohne
1142 933 1359 1002 Suͤnde;
1405 934 1522 1010 ſeine
1541 923 1878 1010 Amts⸗Ar⸗

374 995 504 1091 beit
527 1012 598 1101 iſt
620 1015 1035 1091 vollkommen.
1117 1021 1472 1079 Vollkommen
1490 1023 1543 1074 in
1569 1019 1767 1089 Abſicht
1785 1020 1879 1083 auf

382 1123 497 1197 ſeine
515 1127 673 1197 eigene
692 1125 909 1202 Perſon;
957 1121 1279 1186 vollkommen
1309 1124 1360 1183 in
1381 1118 1581 1195 Abſicht
1600 1121 1693 1195 auf
1706 1122 1795 1178 den
1817 1130 1879 1190 zu

384 1226 739 1297 verſoͤhnenden
769 1226 965 1289 Vater;
1010 1214 1333 1284 vollkommen
1379 1223 1431 1284 in
1468 1217 1666 1298 Abſicht
1695 1221 1789 1294 auf
1807 1219 1881 1278 die

387 1338 446 1394 zu
468 1324 761 1396 erkauffende
782 1328 934 1382 Welt.
1020 1318 1113 1391 Er
1131 1318 1236 1398 hat
1254 1317 1319 1391 in
1339 1314 1447 1390 den
1465 1309 1678 1400 Tagen
1700 1307 1881 1400 ſeines

376 1413 668 1502 Fleiſches
693 1414 896 1495 Gebet
925 1414 1045 1493 und
1068 1409 1294 1502 Flehen
1316 1389 1438 1487 mit
1463 1406 1720 1495 ſtarckem
1753 1407 1884 1491 Ge⸗

386 1509 573 1600 ſchrey
603 1513 728 1588 und
754 1491 1042 1594 Thraͤnen
1068 1500 1371 1598 geopffert,
1416 1500 1720 1590 Hebr.5,7.
1786 1505 1884 1584 Er

379 1608 494 1703 hat
527 1611 627 1704 ſich
653 1616 803 1706 ſelbſt
825 1616 1000 1694 durch
1034 1613 1140 1689 den
1164 1611 1392 1700 ewigen
1425 1610 1600 1699 Geiſt
1630 1611 1879 1695 GOtte

383 1691 671 1800 geopffert
690 1725 762 1798 zu
788 1711 976 1786 einem
997 1704 1169 1799 ſuͤſſen
1190 1698 1455 1793 Geruch,
1484 1705 1606 1781 und
1625 1702 1881 1787 dadurch

392 1806 519 1890 eine
548 1813 737 1901 ewige
761 1805 1060 1900 Erloͤſung
1093 1806 1397 1895 erfunden,
1450 1813 1608 1888 Hebr.
1626 1827 1681 1886 9,
1710 1800 1880 1884 11⸗15.

392 1924 531 1979 conf.
554 1913 725 1992 Epheſ.
746 1931 793 1988 5,
811 1931 864 1981 2.
907 1915 1013 1980 Die
1031 1914 1214 1987 Crone,
1236 1908 1406 1984 welche
1427 1924 1475 1971 er
1487 1908 1634 1985 daher
1652 1906 1879 1979 erlanget,

395 2030 450 2099 iſt
469 2020 583 2108 ſein
606 2016 823 2100 Sitzen
843 2030 946 2099 zur
976 2010 1242 2089 Rechten
1259 2014 1355 2083 der
1379 2007 1676 2090 Majeſtaͤt
1696 2013 1760 2082 in
1783 2013 1882 2083 der

387 2110 587 2201 Hoͤhe,
610 2115 763 2193 Hebr.
784 2116 878 2190 1,3.
926 2094 992 2189 Er
1021 2094 1116 2194 iſt
1129 2098 1233 2185 das
1267 2101 1457 2194 Haupt
1483 2085 1584 2183 der
1595 2101 1881 2185 Gemein⸗

395 2213 483 2295 de,
503 2212 721 2292 Epheſ.1,
732 2233 816 2281 22.
859 2216 1004 2280 Sein
1023 2201 1227 2292 Nahme
1237 2205 1305 2286 iſt
1320 2215 1412 2275 mit
1429 2214 1537 2281 dem
1559 2200 1787 2293 Griffel
1804 2204 1881 2279 ei⸗

391 2317 505 2391 nes
529 2320 712 2402 guten
736 2298 1095 2392 Schreibers
1116 2308 1500 2385 vollkommen
1519 2299 1882 2390 beſchrieben,

397 2409 489 2482 Pſ.
502 2421 590 2481 45,
602 2421 649 2464 2.
679 2407 778 2467 und
803 2409 940 2468 unter
986 2406 1169 2465 andern
1188 2404 1278 2465 mit
1304 2396 1454 2464 einem
1465 2392 1727 2473 goͤttlichen
1755 2398 1880 2463 Lob⸗

395 2514 560 2592 ſpruch
587 2515 899 2582 umwunden,
941 2510 1018 2582 Eſ.
1044 2503 1192 2582 53,2.
1261 2498 1542 2577 Darum,
1586 2496 1703 2581 daß
1733 2494 1882 2583 ſeine

400 2608 595 2686 Seele
620 2607 937 2697 gearbeitet
956 2604 1078 2682 hat,
1110 2602 1265 2677 wird
1294 2619 1354 2672 er
1373 2602 1519 2682 ſeine
1550 2599 1685 2678 Luſt
1704 2597 1897 2683 ſehen,

393 2713 521 2780 und
540 2714 629 2783 die
650 2709 812 2780 Fuͤlle
835 2706 1136 2780 haben.

527 2787 886 2874 Andaͤchtige
904 2786 1026 2857 und
1036 2761 1296 2866 geliebte,
1306 2753 1484 2863 theils
1501 2778 1883 2865 ſchmertzlich⸗

399 2919 660 2998 betruͤbte
677 2913 973 3003 Zuhoͤrer!
1019 2923 1136 2981 Der
1152 2914 1336 2983 Vater,
1356 2917 1549 2983 welcher
1566 2918 1715 2982 dieſes
1724 2915 1881 2983 Zeug⸗

405 3014 489 3089 niß
509 3024 612 3073 von
636 3013 715 3073 der
743 3007 919 3080 reichen
945 3005 1119 3083 Frucht
1162 3010 1248 3071 der
1272 3005 1436 3068 Leiden
1463 3004 1613 3079 ſeines
1652 3003 1882 3078 Sohnes

408 3101 605 3175 ableget,
644 3099 808 3174 wußte
830 3099 883 3175 ja
902 3096 1038 3173 wohl
1063 3111 1146 3158 am
1167 3095 1334 3169 beſten,
1353 3097 1445 3155 wie
1454 3097 1534 3154 der
1554 3093 1663 3168 Fall
1681 3095 1888 3158 Adams

406 3194 507 3253 und
529 3193 611 3250 der
630 3185 745 3250 uͤber
765 3190 873 3248 dem
891 3182 1217 3259 menſchlichen
1225 3179 1514 3258 Geſchlechte
1533 3178 1741 3252 ruhende
1761 3178 1890 3251 goͤtt⸗

409 3280 519 3352 liche
539 3276 673 3352 Zorn
694 3273 972 3352 beſchaffen;
1018 3288 1067 3335 er
1087 3272 1366 3347 beſtimmete
1396 3269 1544 3347 daher
1585 3268 1704 3342 auch
1736 3269 1891 3345 ſeinen

404 3366 594 3437 ewigen
636 3362 803 3438 Sohn
835 3374 921 3437 zur
960 3358 1261 3436 Ubernahme
1284 3357 1459 3433 ſolcher
1489 3358 1673 3430 Leiden,
1720 3355 1893 3427 welche

410 3439 585 3529 kraͤftig
610 3462 770 3522 genug
799 3447 984 3523 waͤren,
1025 3450 1098 3510 die
1118 3443 1354 3523 erzuͤrnete
1373 3442 1715 3519 Gerechtigkeit
1737 3457 1796 3520 zu
1819 3443 1895 3504 be⸗

410 3543 666 3619 friedigen:
712 3540 862 3616 ſowol
891 3544 970 3603 der
1001 3537 1193 3616 zeitliche
1231 3537 1324 3599 als
1336 3539 1417 3599 der
1443 3537 1593 3609 ewige
1614 3532 1726 3600 Tod
1749 3534 1895 3606 muſte
