2034 2823
144 254 272 284 Άνιχνεύω,
281 246 291 286 f
302 251 363 277 εύσω,
377 248 517 280 perueſtigo,
532 248 626 279 indago,
633 246 766 279 perſequor.

179 292 210 316 Ex
216 292 259 316 ἀνὰ
266 290 286 312 &
295 287 389 317 ἰχνεύω,
402 284 493 317 veſtigo.

145 322 290 354 Άνίχνευτος,
303 318 375 338 idem,
388 314 453 342 quod
467 312 574 340 ſequens.
608 308 643 332 Ex
653 317 668 332 α
680 305 766 340 priuat.

180 360 199 382 &
213 356 301 385 ἰχνεύω.

148 389 287 418 Άνιχνία=ος,
296 389 319 416 ȣ,
333 386 345 407 ὁ
352 381 388 401 ϰαὶ
396 381 416 405 ἡ
433 378 475 409 qui
483 375 615 406 inueſtigari
622 373 714 407 nequit,
723 374 768 398 im-

181 420 371 454 perueſtigabilis.
403 420 436 445 Ex
447 428 462 442 α
475 427 511 449 pr.
523 422 538 443 &
549 419 650 446 ἰχνιάζω.

148 460 255 489 Άνιώδης,
262 463 303 480 εος,
312 452 321 469 ὁ
328 450 366 470 ϰαὶ
372 451 394 474 ἡ,
407 447 527 476 moleſtus,
534 445 620 477 grauis.
644 444 683 470 Αb
689 446 750 468 ἀνία.

148 494 252 520 Άνίωτος,
261 500 282 518 ȣ,
297 490 311 513 δ
314 496 352 515 ϰαὶ
358 489 379 518 ἡ,
392 487 525 514 rubiginem
537 491 586 513 non
599 481 709 511 ſentiens,
718 488 771 504 eru-

181 524 261 555 ginem
272 530 320 546 non
332 527 483 546 contrahens.
516 518 550 545 Ex
550 517 581 544 α
685 517 717 543 &
588 522 676 550 priuat.
725 517 768 545 ἰὸς,

180 561 265 590 rubigo.

142 590 231 624 Ἄννα,
251 599 287 617 ης,
304 591 333 615 ἡ,
358 587 434 612 Anna.
473 577 572 604 Nomen
591 577 698 603 mulieris
713 577 769 602 Ebr.

184 625 297 657 Gratioſa.

150 655 243 694 Ἄννας,
257 660 286 675 α,
299 651 324 687 ὁ,
337 648 425 673 Annas.
459 646 559 675 Nomen
575 646 621 672 viri
639 647 694 673 Ebr.
708 646 769 670 Gra-

181 695 257 727 tioſus.

149 724 244 756 Ἀνοδία,
258 727 292 755 ας,
306 719 326 743 ἡ,
340 715 386 739 iter
398 713 551 747 imperuium.
581 714 611 737 Ex
621 722 634 736 α
646 721 677 746 pr.
692 715 702 737 &
714 713 769 740 ὁδός.

151 758 263 784 Ἄνοδμος,
276 761 299 781 ȣ,
311 757 319 776 ὁ
326 756 362 781 ϰαὶ
365 755 391 786 ἡ,
403 753 479 777 odore
490 759 579 781 carens,
590 758 641 775 non
648 750 770 777 odoratus.

185 795 216 818 Ex
225 803 238 816 α
246 800 280 824 pr.
288 794 308 816 &
316 793 376 821 ὀδμὴ,
391 793 453 814 odor.

152 823 250 857 Ἄνοδος,
257 826 279 855 ȣ,
287 824 297 850 ὁ
303 822 338 839 ϰαὶ
346 822 366 841 ἡ,
375 820 464 840 inuius.
481 816 504 841 2)
512 818 535 842 ἡ,
541 815 579 839 via
587 812 677 839 ſurſum
683 813 770 841 ferens,

185 858 310 882 adſcenſus.
344 857 376 879 Ex
383 865 398 878 α
405 863 440 887 pr.
447 855 484 878 νel
498 857 539 879 ἀνὰ
547 856 568 878 &
577 855 630 878 ὁδός.

151 890 244 927 Άνόδȣς,
251 893 320 924 οντος,
329 889 337 905 ὁ
345 889 382 904 ϰαὶ
388 888 410 908 ἡ,
424 884 559 909 edentulus,
572 882 611 904 cui
624 883 708 905 dentes
718 877 771 904 ſunt

187 934 239 954 rari,
247 932 285 949 aut
296 927 364 950 nulli.
397 926 429 949 Ex
438 933 454 956 α
454 933 494 956 pr.
501 926 522 947 &
530 924 588 950 ὀδȣς.

150 957 296 985 Άνοδύϱομαι,
311 956 434 981 lamentor,
447 951 597 975 vehementer
612 948 719 982 deploro.

151 993 279 1023 Άνόδυϱτος,
287 998 318 1019 ον,
331 989 500 1022 indeploratus.

151 1026 248 1059 Ἄνοζος,
259 1028 281 1058 ȣ,
295 1025 304 1042 ὁ
315 1023 351 1042 ϰαὶ
364 1023 385 1046 ἡ,
400 1018 493 1047 enodis,
508 1016 554 1042 ſine
567 1018 641 1043 nodo.
674 1015 707 1039 Ex
715 1024 726 1038 α
735 1023 771 1047 pr.

186 1065 207 1088 &
214 1064 273 1091 ὄζος,
288 1064 365 1086 nodus.

151 1095 265 1120 Ἀνοήμων,
273 1095 326 1113 ονος,
340 1090 349 1106 ὁ
357 1088 394 1107 ϰαὶ
400 1086 420 1113 ἡ,
435 1083 514 1114 impos
522 1082 618 1112 mentis,
632 1081 724 1110 ſtultus,
734 1082 772 1106 in-

182 1131 277 1163 ſipiens.

148 1160 255 1190 Ἀνοηία,
263 1169 295 1186 ας,
304 1156 326 1182 ἡ,
340 1151 480 1185 inſipientia.
514 1151 548 1178 Ex
561 1161 576 1175 α
589 1150 677 1183 priuat.
685 1146 706 1185 &
710 1150 773 1182 voέω,

182 1199 294 1229 intelligo.

150 1231 287 1253 Ἀνοηταίνω,
300 1219 399 1252 deſipio,
414 1218 525 1251 inſipiens
538 1217 598 1246 ſum,
611 1215 772 1250 imprudenter

184 1264 205 1287 &
213 1267 301 1284 temere
309 1266 360 1289 ago.
394 1259 432 1282 Ab
446 1259 545 1283 ἀνόητος.

150 1291 278 1317 Ἀνοητεύω,
292 1291 309 1313 f.
318 1291 380 1317 εύσω,
394 1288 456 1313 idem
465 1285 486 1314 &
495 1289 524 1311 ab
531 1288 624 1312 eodem.

150 1328 259 1353 Ἀνόητος,
273 1331 297 1351 ȣ,
311 1325 325 1348 ὁ
335 1327 374 1349 ϰαὶ
385 1327 414 1351 ἡ,
429 1323 542 1352 demens,
554 1321 683 1353 inſipiens,
693 1329 774 1348 mente

182 1368 271 1389 carens,
286 1359 376 1385 ſtultus.
395 1362 425 1390 2)
436 1358 480 1390 qui
486 1357 587 1389 intelligi
593 1355 684 1390 nequit.
719 1357 753 1381 Ex
762 1354 780 1385 α

184 1405 221 1429 pr.
230 1398 250 1420 &
259 1397 317 1419 νοέω.

151 1441 266 1465 Ἀνοήτως,
271 1429 331 1454 Adu.
339 1427 509 1459 imprudenter,
517 1426 594 1452 ſtulte.

150 1476 284 1512 Ἀνόϑευτος,
293 1476 315 1496 ȣ,
323 1471 332 1491 ὁ
340 1471 376 1491 ϰαὶ
384 1471 405 1494 ἡ,
420 1473 551 1498 germanus,
560 1475 601 1490 non
613 1461 687 1501 fictus,
696 1466 775 1496 legiti-

184 1517 249 1537 mus,
265 1517 313 1533 non
327 1508 426 1539 ſpurius.
462 1507 494 1531 Ex
502 1517 516 1530 α
523 1515 557 1539 pr.
565 1508 586 1530 &
593 1507 677 1534 νοϑεύω,
684 1506 775 1529 nothum

184 1547 263 1573 reddo,
271 1544 382 1568 adultere.

152 1591 245 1615 Ἄνοια,
264 1587 303 1605 ας,
324 1579 351 1605 ἡ,
374 1577 493 1606 amentia,
511 1575 619 1603 ſtultitia.
653 1576 691 1600 Αb
705 1574 777 1604 ἄϰοος,

185 1626 269 1645 amens.

153 1662 280 1690 Ἄνοιγμα,
296 1665 364 1685 ατος,
388 1652 430 1680 τὸ,
453 1649 565 1682 apertio,
582 1648 700 1676 reſeratio.
735 1651 774 1675 Ab

187 1700 275 1726 ἀνοίγω.

155 1731 278 1759 Ἀνοιγνύω,
294 1728 356 1753 idem
364 1730 430 1760 quod
439 1727 547 1758 ſequens.

155 1773 253 1799 Ἀνοίγω,
268 1771 311 1793 fut.
326 1772 359 1796 ξω,
374 1767 461 1798 aperio,
471 1763 557 1802 reſero,
565 1765 651 1798 pando,
659 1765 777 1798 expando,

190 1808 319 1841 patefacio,
339 1808 380 1831 Gl.
394 1807 448 1831 Vet.
462 1805 593 1833 ἀνοίγομαι,
613 1803 721 1834 pateſco,
736 1805 766 1829 Gl.

189 1845 244 1869 Vet.
251 1842 369 1870 ἀνέωγμαι,
384 1845 463 1869 pateo,
476 1840 517 1863 Gl.
525 1839 581 1864 Vet.
589 1839 649 1871 perf.
658 1838 711 1871 paſſ.
745 1838 778 1862 Ex

191 1878 232 1901 ἀνὰ
244 1877 265 1899 &
274 1877 335 1903 οἴγω,
349 1873 434 1905 aperio.

159 1917 292 1943 Ἀνοιδαίνω,
306 1907 446 1933 tumefacio.
479 1906 514 1938 2)
526 1912 621 1935 tumeo,
636 1903 778 1931 intumeſco.

193 1953 229 1977 Ab
243 1951 335 1975 ἀνοιδέω.

160 1984 261 2013 Ἀνοιδέω,
269 1986 292 2012 ῶ,
305 1985 319 2008 f.
330 1985 382 2012 ήσω,
397 1982 515 2011 intumeo,
529 1978 671 2012 intumeſco,
686 1986 781 2011 turgeo.

196 2028 220 2055 2)
232 2026 322 2050 iraſcor.

160 2063 282 2089 Ἀνοίδησις,
293 2066 338 2085 εως,
346 2060 370 2084 ἡ,
383 2061 472 2082 tumor.
507 2055 528 2080 A
541 2062 609 2087 præc.

161 2103 294 2131 Ἀνοίδίσϰω,
307 2101 369 2126 idem
383 2101 447 2133 quod
459 2100 580 2124 ἀνοιδαίνω.

159 2148 280 2173 Ἀνοίϰειος,
297 2143 340 2168 εἰα,
361 2147 418 2167 ειον,
436 2141 457 2164 &
470 2139 583 2165 ἀνοίϰειος,
598 2143 621 2163 ȣ,
636 2138 646 2160 ὁ
653 2139 691 2161 ϰαὶ
697 2139 719 2163 ἡ,
732 2143 773 2159 non

194 2179 326 2211 familiaris,
342 2189 389 2204 non
403 2179 553 2205 domeſticus.
587 2180 615 2206 2)
628 2184 676 2202 non
694 2178 780 2201 conue-

196 2214 274 2241 niens,
292 2220 337 2237 non
349 2218 474 2241 congruus.
505 2211 536 2244 3)
550 2209 731 2242 improbabilis,
745 2209 783 2233 in-

197 2250 320 2275 credibilis.
354 2249 386 2272 Ex
400 2258 414 2272 α
425 2254 462 2281 pr.
475 2248 498 2272 &
510 2248 598 2272 οἰϰεῖος.

165 2284 311 2312 ᾿Ανοιϰειότης,
326 2292 382 2309 ητος,
393 2286 413 2310 ἡ,
427 2283 490 2308 nulla
498 2280 655 2308 familiaritas.
690 2280 717 2312 2)
730 2289 785 2305 mo-

198 2329 233 2345 res
241 2329 252 2345 a
260 2321 416 2346 familiaritate
422 2319 502 2345 alieni.
535 2318 573 2344 Ab
587 2319 700 2342 ἀνοίϰειος.

164 2360 292 2388 Ἀνοίϰητος,
299 2367 323 2388 ȣ,
337 2360 346 2383 ὁ
360 2361 398 2384 ϰαὶ
411 2361 433 2390 ἡ,
447 2356 622 2385 inhabitabilis.
657 2351 686 2394 Ex
695 2358 716 2389 α
716 2357 762 2390 pr.
765 2354 788 2393 &

202 2396 268 2421 οἰϰέω.

786 240 907 267 Ἀνοιϰίζω,
915 238 933 260 f.
942 247 988 266 ίσω,
1001 236 1111 266 inſtauro,
1125 236 1249 261 reædifico.
1284 236 1314 263 2)
1328 239 1415 261 migro,

824 271 995 298 habitationem
1003 273 1125 297 transfero.

790 308 931 335 Ανοιϰισμὸς,
939 310 961 334 ȣ,
969 308 989 333 δ,
1002 305 1147 330 inſtauratio.

789 339 952 365 Ἀνοιϰοδομέω,
960 338 983 360 ῶ,
993 338 1037 356 fut.
1045 340 1096 360 ήσω,
1106 337 1206 358 inſtauro
1213 330 1348 357 ædificium.
1380 329 1417 356 Ex

825 378 867 401 ἀνὰ
874 377 895 398 &
903 375 1026 403 οἰϰοδομέω,
1040 373 1129 404 ædifico.

791 406 983 433 Ἀνοιϰονόμητος,
998 408 1027 426 ȣ,
1044 405 1051 421 ὁ
1062 405 1098 422 ϰαὶ
1112 405 1139 426 ἡ,
1151 399 1272 430 prodigus.
1305 396 1341 431 2)
1354 396 1418 423 male

826 441 986 475 diſpoſitus.
993 443 1025 467 Ex
1033 452 1048 465 α
1054 449 1089 474 pr.
1102 443 1112 464 &
1125 441 1245 469 οἰϰονομέω.

796 479 901 501 Ἄνοιϰος,
915 480 942 500 ȣ,
958 475 967 495 ὁ
980 475 1016 498 ϰαὶ
1030 475 1058 500 ἡ,
1071 480 1181 500 extorris,
1197 472 1243 496 ſine
1254 471 1336 496 domo.

790 510 964 540 Ἀνοιϰτείϱμων,
972 509 982 529 ὁ
989 510 1027 532 ϰαὶ
1036 510 1056 535 ἡ,
1071 505 1248 532 immiſericors.

793 540 919 565 Ἀνοιϰτὸς,
936 540 963 566 ἡ,
981 541 1021 564 ὸν,
1041 543 1145 567 apertus.
1178 538 1213 567 2)
1234 534 1347 566 apertilis.
1378 534 1420 560 Ab

826 578 913 605 ἀνοίγω.

794 612 916 633 Ἄνοιϰτος,
930 611 953 631 ȣ,
968 604 977 624 ὁ
993 606 1029 627 ϰαὶ
1042 606 1064 631 ἡ,
1080 600 1257 628 immiſericors.
1295 600 1319 625 Ex
1332 609 1342 623 α
1353 601 1392 631 pr.
1405 598 1422 635 &

829 645 910 672 οἶϰτος,
921 642 1083 676 miſericordia.

796 676 937 699 Ἄνοιϰτϱος,
958 677 986 696 ȣ,
1003 674 1013 688 ὁ
1028 679 1065 693 ϰαὶ
1076 673 1105 694 ἡ,
1123 675 1174 694 non
1194 665 1355 694 miſerandus,
1374 664 1420 689 im-

828 710 978 736 miſerabilis.
1012 710 1044 733 Ex
1055 720 1070 732 α
1082 708 1168 740 priuat.
1189 709 1212 732 &
1229 708 1329 739 οἰϰτϱὸς,
1354 704 1420 735 miſe-

828 747 923 768 randus.

793 777 915 803 Ἀνοίϰτως,
923 774 981 798 Adu.
991 770 1217 800 immiſericorditer.

791 809 924 844 Ἀνοιμώζω,
932 809 949 828 f.
957 809 996 833 ξω,
1005 808 1140 833 ingemiſco,
1149 806 1202 831 fleo,
1210 802 1255 826 edo
1263 801 1388 833 gemitum.

791 847 942 873 Ἀνοιμωϰτεὶ,
950 843 966 868 ſ.
975 845 1100 870 ἀνοιμωϰτὶ,
1109 841 1155 866 ſine
1168 842 1234 867 fletu.

790 880 948 907 Ἀνοίμωϰτος,
959 886 991 905 ον,
1004 877 1138 901 indefletus.

788 912 899 937 Ἄνοιξις,
912 914 960 932 εως,
975 911 996 931 ἡ,
1009 911 1116 934 apertio,
1132 900 1251 928 reſeratio.
1284 902 1313 935 2)
1326 899 1422 927 oſtium.

829 949 867 972 Ab
882 949 971 975 ἀνοίγω.

796 983 899 1004 Ἄvoiσις,
913 983 959 1002 εως,
969 978 990 1000 ἡ,
1004 974 1116 998 reuectio.
1151 972 1188 996 Ab
1202 971 1313 1002 ἀναφέϱω.

791 1014 910 1039 Ἀνοιϛέον,
925 1012 1073 1036 referendum
1085 1010 1124 1033 eſt.
1158 1010 1195 1033 Ab
1211 1008 1266 1031 eod.

803 1045 916 1072 Ἀνοιϛϱέω,
926 1043 950 1068 ῶ,
963 1043 980 1064 f.
994 1043 1045 1068 ήσω,
1059 1042 1145 1068 incito,
1161 1039 1265 1065 ſtimulo.
1298 1039 1334 1071 Ex
1347 1039 1389 1062 ἀνὰ
1401 1038 1425 1064 &

832 1084 912 1114 οἰϛρέω.

794 1112 926 1140 Ἀναϰωχὴ,
940 1108 1048 1135 induciæ.
1080 1109 1114 1133 Ex
1129 1108 1214 1140 ὀϰωχή.

795 1147 910 1173 Ἀνολβία,
919 1154 954 1172 ας,
964 1147 984 1171 ἡ,
999 1143 1100 1169 miſeria.
1133 1144 1171 1166 Ab
1183 1144 1285 1170 ἄνολβος.

804 1181 915 1205 Ἀνόλβιος,
925 1184 947 1204 ȣ,
963 1180 971 1198 ὁ
986 1178 1022 1198 ϰαὶ
1036 1179 1058 1203 ἡ,
1073 1175 1164 1203 infelix,
1178 1173 1256 1199 miſer.
1290 1173 1326 1204 Ab
1326 1173 1356 1203 α.
1356 1173 1390 1203 pr.
1402 1172 1425 1197 &

831 1218 923 1246 ὄλβιος,
936 1216 1026 1240 beatus.

795 1248 916 1271 Ἄνολβος,
930 1251 952 1270 ȣ
964 1246 974 1264 ὁ
988 1246 1025 1266 ϰαὶ
1040 1245 1062 1271 ἡ,
1077 1241 1151 1266 idem.
1191 1241 1223 1265 Ex
1236 1250 1251 1264 α
1262 1248 1297 1272 pr.
1316 1241 1338 1264 &
1340 1239 1427 1266 ὄλβος,

833 1285 959 1310 beatitudo.

797 1315 931 1341 Ἀνόλεδϱος,
947 1315 970 1336 ȣ,
987 1310 995 1329 ὁ
1005 1310 1040 1330 ϰαὶ
1048 1310 1068 1336 ἡ,
1082 1306 1111 1330 ab
1126 1304 1205 1337 exitio
1208 1305 1232 1339 &
1237 1306 1323 1330 damno
1337 1303 1425 1329 immu-

831 1350 876 1375 nis.
911 1350 944 1373 Ex
951 1358 966 1373 α
974 1357 1007 1380 pr.
1022 1350 1037 1371 &
1043 1347 1143 1378 ὄλεδϱος,
1143 1347 1268 1376 pernicies.

796 1381 896 1414 Ἀνολϰὴ,
904 1382 936 1402 ῆς,
945 1382 965 1402 ἡ,
977 1379 1070 1401 tractio,
1083 1381 1135 1404 quæ
1143 1377 1170 1398 ſit
1179 1374 1257 1398 ſurſum
1272 1372 1358 1399 verſus.
1386 1371 1426 1396 Ab

831 1420 930 1445 ἀνέλϰω,
940 1417 1032 1450 ſurſum
1047 1417 1122 1443 traho.

798 1448 945 1477 Ἀνολϰητὸν,
965 1448 993 1470 ȣ,
1006 1446 1049 1468 τὸ,
1071 1445 1097 1465 id
1110 1448 1159 1472 quo
1171 1440 1263 1472 aliquid
1275 1438 1367 1464 ſurſum
1380 1444 1428 1463 tra-

833 1486 908 1510 hitur.

797 1514 943 1542 Ἀνονολύζω,
953 1507 971 1531 f.
981 1511 1020 1535 ξω,
1033 1513 1090 1530 cum
1100 1506 1203 1532 clamore
1210 1502 1289 1537 ploro,
1303 1503 1377 1532 eiulo,
1386 1509 1426 1527 ex-

832 1551 917 1574 clamo.

796 1581 980 1610 Ἀϰολοφύϱομαι,
995 1576 1103 1608 deploro,
1118 1577 1242 1602 lamentor.

794 1616 930 1641 Ἀναμβϱέω,
940 1613 960 1643 ῶ,
971 1613 990 1629 f.
997 1613 1049 1634 ήσω,
1059 1612 1125 1638 pluo,
1133 1610 1235 1637 pluendo
1245 1605 1338 1631 emitto.
1348 1606 1371 1633 2)
1379 1603 1426 1630 ſca-

833 1656 909 1675 turio.
930 1652 957 1680 3)
966 1648 1063 1673 effundo
1071 1653 1192 1680 tamquam
1199 1645 1314 1678 pluuiam,
1329 1644 1427 1670 effundo

832 1693 899 1709 more
905 1683 999 1708 imbris.

796 1716 948 1744 Ἀνομβϱήεις,
961 1715 1039 1747 ήεσσα,
1050 1712 1095 1738 ἥεν,
1113 1708 1233 1740 pluuialis,
1254 1707 1360 1740 pluuius,
1373 1705 1427 1738 plu-

832 1752 920 1779 vioſus.
956 1753 989 1777 Ex
1004 1753 1045 1775 ἀνὰ
1058 1754 1072 1776 &
1083 1751 1172 1781 ὄμβϱος,
1180 1749 1259 1778 imber,
1271 1748 1359 1779 pluuia.

795 1785 929 1815 Ἀνομβϱία,
936 1790 972 1809 ας,
978 1784 1001 1808 ἡ,
1014 1780 1111 1811 pluuiæ,
1121 1781 1160 1802 ſeu
1166 1787 1279 1811 aquarum
1287 1774 1397 1811 penuria.

795 1819 931 1849 Ἄνομβϱος,
941 1823 964 1844 ȣ,
980 1818 991 1838 ὁ
1005 1819 1041 1839 ϰαὶ
1054 1820 1075 1844 ἡ
1090 1814 1207 1839 imbribus
1215 1822 1304 1838 carens.

796 1851 900 1876 Ἀνομέω,
908 1851 933 1872 ῶ,
947 1851 964 1869 f.
972 1849 1023 1871 ήσω,
1039 1850 1111 1875 inique
1123 1851 1173 1873 ago,
1188 1846 1250 1874 leges
1259 1840 1428 1873 transgredior.

834 1887 865 1912 Ex
873 1896 887 1910 α
895 1894 930 1917 pr.
938 1889 959 1910 &
966 1887 1036 1913 νόμος,
1052 1884 1097 1907 lex.

797 1919 921 1951 Ἀνόμημα,
931 1921 992 1941 ατος,
998 1915 1034 1939 τὸ,
1049 1910 1173 1943 iniquitas,
1180 1910 1304 1941 flagitium.

796 1953 898 1980 Ἀνομία,
907 1959 941 1977 ας,
949 1953 970 1978 ἡ,
984 1950 1064 1980 legum
1075 1955 1220 1978 contemtus,
1236 1947 1359 1979 iniquitas.

794 1988 912 2015 Ἀνομίζω,
926 1985 989 2009 idem
997 1984 1060 2015 quod
1068 1985 1159 2012 ἀνομεω.

793 2019 932 2052 Ἀνομιλέω,
936 2015 1011 2039 verſor
1017 2021 1074 2037 cum
1081 2014 1174 2043 aliquo.
1188 2013 1217 2042 2)
1232 2011 1366 2036 concumbo
1372 2016 1428 2036 cum

833 2057 910 2088 aliqua
917 2058 953 2080 vel
960 2055 1049 2086 aliquo.

800 2087 949 2118 Ἀνομίλητος,
966 2087 989 2106 ȣ,
1003 2084 1012 2102 ὁ
1027 2082 1063 2104 ϰαὶ
1077 2083 1098 2109 ἡ,
1112 2078 1267 2105 inſociabilis.

798 2121 921 2149 Ἀνόμιμος,
930 2126 953 2146 ȣ,
963 2120 972 2142 ὁ
981 2121 1018 2142 ϰαὶ
1026 2121 1048 2145 ἡ,
1062 2116 1212 2148 illegitimus.

805 2160 943 2180 Ἀνόμιχλος,
952 2156 975 2173 ȣ,
984 2150 993 2168 ὁ
1001 2151 1064 2174 ϰαὶ
1045 2151 1075 2179 ἡ,
1085 2147 1216 2174 innubilus,
1229 2143 1335 2172 innubis,
1343 2143 1430 2169 nebula

833 2196 926 2215 vacans.
961 2188 993 2213 Ex
1001 2198 1015 2211 α
1022 2196 1056 2219 pr.
1065 2189 1085 2211 &
1094 2188 1187 2215 ὁμίχλη.

802 2222 947 2254 Ἀνόμματος,
962 2221 984 2238 ȣ,
997 2217 1006 2231 ὁ
1021 2218 1058 2233 ϰαὶ
1074 2218 1095 2238 ἡ,
1110 2215 1235 2232 oculorum
1245 2215 1336 2240 expers.
1370 2207 1403 2231 Ex
1415 2217 1430 2232 α

836 2262 871 2287 pr.
884 2256 907 2277 &
919 2254 990 2282 ὅμμα,
1004 2252 1088 2276 oculus.

800 2287 949 2318 Ἀνομοειδὴς,
960 2285 1001 2308 έος,
1017 2284 1027 2302 ὁ
1042 2285 1079 2304 ϰαὶ
1093 2283 1113 2306 ἡ,
1127 2279 1167 2310 qui
1183 2279 1213 2304 eſt
1226 2278 1323 2304 diuerſæ
1336 2275 1432 2309 ſpeciei,

837 2323 913 2355 ſpecie
932 2322 1057 2349 diſſimilis.
1107 2320 1140 2345 Ex
1158 2330 1173 2343 α
1186 2320 1272 2352 priuat.
1287 2320 1309 2344 &
1323 2317 1431 2347 ὁμοειδὴς,

829 2361 919 2393 ſimilis.

803 2388 982 2416 Ἀνομοϑέτητος,
996 2390 1019 2411 ȣ,
1033 2383 1044 2406 ὁ
1057 2383 1095 2407 ϰαὶ
1109 2384 1131 2409 ἡ,
1152 2380 1204 2413 lege
1217 2381 1279 2406 male
1298 2380 1431 2406 ordinatus.
