<?xml version='1.0' encoding='utf-8'?>
<PcGts xmlns="http://schema.primaresearch.org/PAGE/gts/pagecontent/2019-07-15" xmlns:xsi="http://www.w3.org/2001/XMLSchema-instance" pcGtsId="PAGE_01" xsi:schemaLocation="http://schema.primaresearch.org/PAGE/gts/pagecontent/2019-07-15 http://schema.primaresearch.org/PAGE/gts/pagecontent/2019-07-15/pagecontent.xsd">
  <Metadata>
    <Creator>OCR-D DFG Phase III</Creator>
    <Created>2024-01-19T13:07:20Z</Created>
    <LastChange>2024-01-19T13:07:20Z</LastChange>
    <Comments>ODEM: OCR-D extension for mass digitization (2021-2024)</Comments>
  </Metadata>
  <Page imageFilename="MAX/urn+nbn+de+gbv+3+1-143176_urn+nbn+de+gbv+3+1-143176-p0218-0_lat+grc.png" imageWidth="1872" imageHeight="3029" type="content" secondaryLanguage="Greek" primaryLanguage="Latin">
    <Border>
      <Coords points="242,310 243,2928 1782,2914 1795,298"/>
    </Border>
    <ReadingOrder>
      <OrderedGroup id="ro_1676619394611" caption="Regions reading order">
        <RegionRefIndexed index="0" regionRef="region_1676619097449_9"/>
        <RegionRefIndexed index="1" regionRef="region_1676619103328_18"/>
        <RegionRefIndexed index="2" regionRef="TextRegion_1646044829891_512"/>
        <RegionRefIndexed index="3" regionRef="region0006"/>
        <RegionRefIndexed index="4" regionRef="TextRegion_1646044841946_518"/>
        <RegionRefIndexed index="5" regionRef="TextRegion_1646044841946_517"/>
        <RegionRefIndexed index="6" regionRef="region0008"/>
        <RegionRefIndexed index="7" regionRef="region0009"/>
        <RegionRefIndexed index="8" regionRef="region_1676619133197_79"/>
      </OrderedGroup>
    </ReadingOrder>
    <TextRegion type="page-number" id="region_1676619097449_9" custom="readingOrder {index:0;} structure {type:page-number;}">
      <Coords points="495,491 495,531 581,531 581,491"/>
      <TextLine id="line_1676619097556_12" custom="readingOrder {index:0;}">
        <Coords points="495,491 495,531 581,531 581,491"/>
        <Word id="word_1676619097637_15" custom="readingOrder {index:0;}">
          <Coords points="495,491 581,491 581,531 495,531"/>
          <TextEquiv>
            <Unicode>118</Unicode>
          </TextEquiv>
        </Word>
        <TextEquiv>
          <Unicode>118</Unicode>
        </TextEquiv>
      </TextLine>
      <TextEquiv>
        <Unicode>118</Unicode>
      </TextEquiv>
    </TextRegion>
    <TextRegion type="header" id="region_1676619103328_18" custom="readingOrder {index:1;} structure {type:header;}">
      <Coords points="756,482 756,523 1393,523 1393,482"/>
      <TextLine id="line_1676619103419_21" custom="readingOrder {index:0;}">
        <Coords points="756,482 756,523 1393,523 1393,482"/>
        <Word id="word_1676619103515_24" custom="readingOrder {index:0;}">
          <Coords points="756,482 1393,482 1393,523 756,523"/>
          <TextEquiv>
            <Unicode>ΛΝΑΚΡΕΟΝΤΟΣ</Unicode>
          </TextEquiv>
        </Word>
        <TextEquiv>
          <Unicode>ΛΝΑΚΡΕΟΝΤΟΣ</Unicode>
        </TextEquiv>
      </TextLine>
      <TextEquiv>
        <Unicode>ΛΝΑΚΡΕΟΝΤΟΣ</Unicode>
      </TextEquiv>
    </TextRegion>
    <TextRegion orientation="0.8050488" readingDirection="left-to-right" id="TextRegion_1646044829891_512" custom="readingOrder {index:2;}">
      <Coords points="493,574 1650,569 1651,773 495,778 493,699"/>
      <TextLine id="region0004_line0001" custom="readingOrder {index:0;}">
        <Coords points="616,574 611,577 528,578 523,583 523,607 529,613 538,613 540,619 552,622 622,619 633,617 638,612 658,612 665,616 728,617 734,613 743,612 758,617 817,618 852,614 870,619 929,620 936,625 947,625 954,619 1005,616 1020,619 1051,615 1163,614 1165,617 1180,618 1182,614 1192,612 1200,617 1246,620 1253,613 1263,617 1294,614 1303,615 1308,618 1327,612 1362,612 1370,618 1378,617 1393,611 1422,609 1432,614 1436,610 1457,608 1462,612 1511,613 1517,609 1527,608 1533,613 1551,615 1649,616 1649,579 1615,577 1609,569 1592,569 1586,577 1528,577 1520,576 1517,570 1494,570 1489,575 1352,577 1318,576 1315,570 1303,570 1292,571 1287,577 1232,581 1223,580 1219,571 1187,571 1183,571 1179,579 1172,579 1150,572 1117,572 1096,578 1065,580 1059,572 1048,572 1040,581 931,583 892,579 826,579 822,573 816,572 805,572 804,573 800,579 779,579 775,573 716,574 712,578 693,578 691,573 674,573"/>
        <Word id="region0004_line0001_word0000" custom="readingOrder {index:0;}">
          <Coords points="575,589 617,588 617,616 575,617"/>
          <TextEquiv conf="0.9225687">
            <Unicode>33.</Unicode>
          </TextEquiv>
        </Word>
        <Word id="region0004_line0001_word0001" custom="readingOrder {index:1;}">
          <Coords points="657,582 719,581 719,611 657,612"/>
          <TextEquiv conf="0.8521756">
            <Unicode>Erat</Unicode>
          </TextEquiv>
        </Word>
        <Word id="region0004_line0001_word0002" custom="readingOrder {index:2;}">
          <Coords points="779,579 737,579 737,608 858,607 858,579 826,579 826,578 800,578 800,579 779,579"/>
          <TextEquiv conf="0.9330478">
            <Unicode>Bacchus</Unicode>
          </TextEquiv>
        </Word>
        <Word id="region0004_line0001_word0003" custom="readingOrder {index:3;}">
          <Coords points="878,585 1010,583 1010,614 878,615"/>
          <TextEquiv conf="0.92247653">
            <Unicode>tanquam</Unicode>
          </TextEquiv>
        </Word>
        <Word id="region0004_line0001_word0004" custom="readingOrder {index:4;}">
          <Coords points="1060,574 1045,574 1040,581 1032,581 1032,603 1103,602 1103,576 1096,578 1065,580"/>
          <TextEquiv conf="0.9645543">
            <Unicode>alter</Unicode>
          </TextEquiv>
        </Word>
        <Word id="region0004_line0001_word0005" custom="readingOrder {index:5;}">
          <Coords points="1151,572 1122,573 1122,611 1252,609 1252,579 1232,581 1223,580 1219,571 1182,572 1179,579 1172,579"/>
          <TextEquiv conf="0.92781204">
            <Unicode>Cupido,</Unicode>
          </TextEquiv>
        </Word>
        <Word id="region0004_line0001_word0006" custom="readingOrder {index:6;}">
          <Coords points="1271,578 1271,610 1472,607 1472,575 1352,577 1318,576 1315,570 1303,570 1292,571 1287,577"/>
          <TextEquiv conf="0.9072145">
            <Unicode>vſquequaque</Unicode>
          </TextEquiv>
        </Word>
        <Word id="region0004_line0001_word0007" custom="readingOrder {index:7;}">
          <Coords points="1493,571 1493,603 1643,601 1643,578 1615,577 1609,569 1592,569 1586,577 1528,577 1520,576 1517,570 1494,570"/>
          <TextEquiv>
            <Unicode>formoſus,</Unicode>
          </TextEquiv>
        </Word>
        <TextEquiv>
          <Unicode>33. Erat Bacchus tanquam alter Cupido, vſquequaque formoſus,</Unicode>
        </TextEquiv>
      </TextLine>
      <TextLine id="region0004_line0002" custom="readingOrder {index:1;}">
        <Coords points="638,613 629,619 589,623 552,623 532,618 493,619 494,657 586,656 597,659 624,654 697,652 751,660 780,653 831,652 841,656 893,652 906,654 909,662 914,664 920,664 925,657 932,656 958,655 960,658 973,659 1043,656 1056,651 1063,651 1072,656 1196,650 1212,654 1244,650 1262,654 1361,655 1451,649 1459,645 1469,645 1482,650 1528,650 1532,647 1542,647 1557,651 1596,651 1608,647 1617,652 1650,652 1649,617 1551,616 1533,614 1527,609 1517,610 1511,614 1483,614 1445,610 1430,615 1422,610 1415,610 1393,612 1378,618 1370,619 1362,613 1327,613 1313,619 1304,617 1263,618 1253,614 1246,621 1200,618 1192,613 1184,614 1180,619 1165,618 1163,615 1051,616 1020,620 1005,617 954,620 947,626 936,626 930,622 870,620 852,615 817,619 758,618 743,613 734,614 728,618 665,617 658,613"/>
        <Word id="region0004_line0002_word0000" custom="readingOrder {index:0;}">
          <Coords points="498,630 560,629 561,649 499,650"/>
          <TextEquiv conf="0.930225">
            <Unicode>non</Unicode>
          </TextEquiv>
        </Word>
        <Word id="region0004_line0002_word0001" custom="readingOrder {index:1;}">
          <Coords points="669,617 630,617 629,619 589,623 584,623 584,656 586,656 589,656 610,656 624,654 672,652 672,617"/>
          <TextEquiv conf="0.9224946">
            <Unicode>qualis</Unicode>
          </TextEquiv>
        </Word>
        <Word id="region0004_line0002_word0002" custom="readingOrder {index:2;}">
          <Coords points="753,616 730,617 728,618 697,618 698,652 722,656 771,655 780,653 781,653 780,618 758,618"/>
          <TextEquiv conf="0.92887956">
            <Unicode>vulgo</Unicode>
          </TextEquiv>
        </Word>
        <Word id="region0004_line0002_word0003" custom="readingOrder {index:3;}">
          <Coords points="854,615 843,616 817,619 798,618 799,647 891,645 890,620 870,620"/>
          <TextEquiv>
            <Unicode>noſtro</Unicode>
          </TextEquiv>
        </Word>
        <Word id="region0004_line0002_word0004" custom="readingOrder {index:4;}">
          <Coords points="958,655 1042,654 1041,617 1020,620 1005,617 954,620 947,626 936,626 930,622 910,621 911,656 946,655 958,655"/>
          <TextEquiv>
            <Unicode>pingitur.</Unicode>
          </TextEquiv>
        </Word>
        <Word id="region0004_line0002_word0005" custom="readingOrder {index:5;}">
          <Coords points="1073,617 1099,616 1100,642 1074,643"/>
          <TextEquiv conf="0.9070743">
            <Unicode>B.</Unicode>
          </TextEquiv>
        </Word>
        <Word id="region0004_line0002_word0006" custom="readingOrder {index:6;}">
          <Coords points="1192,613 1190,613 1184,614 1180,619 1165,618 1163,615 1139,615 1140,644 1204,643 1203,618 1200,618"/>
          <TextEquiv conf="0.91002023">
            <Unicode>Vid.</Unicode>
          </TextEquiv>
        </Word>
        <Word id="region0004_line0002_word0007" custom="readingOrder {index:7;}">
          <Coords points="1223,619 1224,644 1298,643 1297,617 1263,618 1253,614 1246,621"/>
          <TextEquiv>
            <Unicode>odar.</Unicode>
          </TextEquiv>
        </Word>
        <Word id="region0004_line0002_word0008" custom="readingOrder {index:8;}">
          <Coords points="1340,613 1327,613 1314,618 1315,640 1341,640"/>
          <TextEquiv conf="0.95324767">
            <Unicode>8,</Unicode>
          </TextEquiv>
        </Word>
        <Word id="region0004_line0002_word0009" custom="readingOrder {index:9;}">
          <Coords points="1363,613 1355,614 1356,645 1397,644 1396,613 1390,613 1378,618 1370,619"/>
          <TextEquiv conf="0.7713884">
            <Unicode>8.:</Unicode>
          </TextEquiv>
        </Word>
        <Word id="region0004_line0002_word0010" custom="readingOrder {index:10;}">
          <Coords points="1417,610 1417,637 1560,635 1560,616 1551,616 1533,614 1527,609 1517,610 1511,614 1483,614 1445,610 1430,615 1422,610"/>
          <TextEquiv conf="0.7687368">
            <Unicode>Himerius</Unicode>
          </TextEquiv>
        </Word>
        <Word id="region0004_line0002_word0011" custom="readingOrder {index:11;}">
          <Coords points="1573,616 1574,639 1644,638 1643,616"/>
          <TextEquiv>
            <Unicode>orat.</Unicode>
          </TextEquiv>
        </Word>
        <TextEquiv>
          <Unicode>non qualis vulgo noſtro pingitur. B. Vid. odar. 8, 8.: Himerius orat.</Unicode>
        </TextEquiv>
      </TextLine>
      <TextLine id="region0004_line0003" custom="readingOrder {index:2;}">
        <Coords points="667,653 610,656 597,660 586,657 494,658 494,695 599,698 786,697 807,694 914,697 1235,692 1335,695 1381,694 1408,688 1468,688 1473,694 1486,694 1491,687 1650,689 1650,653 1617,653 1608,648 1596,652 1577,653 1547,651 1542,648 1532,648 1528,651 1482,651 1475,647 1459,646 1451,650 1361,656 1262,655 1244,651 1212,655 1196,651 1138,652 1127,657 1072,657 1063,652 1056,652 1043,657 973,660 960,659 958,656 932,657 925,658 920,665 914,665 908,662 906,655 893,653 880,653 872,659 842,659 839,655 831,653 780,654 751,661 707,654"/>
        <Word id="region0004_line0003_word0000" custom="readingOrder {index:0;}">
          <Coords points="520,695 582,695 582,669 502,670 502,695"/>
          <TextEquiv conf="0.909444">
            <Unicode>21,5.</Unicode>
          </TextEquiv>
        </Word>
        <Word id="region0004_line0003_word0001" custom="readingOrder {index:1;}">
          <Coords points="598,669 625,669 625,694 598,694"/>
          <TextEquiv>
            <Unicode>p.</Unicode>
          </TextEquiv>
        </Word>
        <Word id="region0004_line0003_word0002" custom="readingOrder {index:2;}">
          <Coords points="641,663 702,662 702,695 641,696"/>
          <TextEquiv conf="0.9583943">
            <Unicode>736.</Unicode>
          </TextEquiv>
        </Word>
        <Word id="region0004_line0003_word0003" custom="readingOrder {index:3;}">
          <Coords points="716,667 776,666 776,696 716,697"/>
          <TextEquiv conf="0.9264962">
            <Unicode>738.</Unicode>
          </TextEquiv>
        </Word>
        <Word id="region0004_line0003_word0004" custom="readingOrder {index:4;}">
          <Coords points="864,659 797,660 797,689 932,687 932,658 925,658 920,665 914,665 908,662 907,658 872,659 872,659"/>
          <TextEquiv>
            <Unicode>Vernſd.:</Unicode>
          </TextEquiv>
        </Word>
        <Word id="region0004_line0003_word0005" custom="readingOrder {index:5;}">
          <Coords points="1067,654 1049,654 1043,657 973,660 960,659 958,656 954,656 954,687 1098,685 1098,657 1072,657"/>
          <TextEquiv conf="0.7167653">
            <Unicode>Brucuſius</Unicode>
          </TextEquiv>
        </Word>
        <Word id="region0004_line0003_word0006" custom="readingOrder {index:6;}">
          <Coords points="1114,657 1114,685 1148,685 1148,656 1129,656 1127,657"/>
          <TextEquiv conf="0.92244095">
            <Unicode>ad</Unicode>
          </TextEquiv>
        </Word>
        <Word id="region0004_line0003_word0007" custom="readingOrder {index:7;}">
          <Coords points="1208,654 1156,655 1156,684 1254,682 1254,653 1253,653 1223,654 1212,655"/>
          <TextEquiv conf="0.91088015">
            <Unicode>Tibul.</Unicode>
          </TextEquiv>
        </Word>
        <Word id="region0004_line0003_word0008" custom="readingOrder {index:8;}">
          <Coords points="1270,662 1295,662 1295,680 1270,680"/>
          <TextEquiv>
            <Unicode>2,</Unicode>
          </TextEquiv>
        </Word>
        <Word id="region0004_line0003_word0009" custom="readingOrder {index:9;}">
          <Coords points="1312,659 1336,659 1336,685 1312,685"/>
          <TextEquiv conf="0.9644661">
            <Unicode>3.</Unicode>
          </TextEquiv>
        </Word>
        <Word id="region0004_line0003_word0010" custom="readingOrder {index:10;}">
          <Coords points="1353,658 1395,657 1395,684 1353,685"/>
          <TextEquiv conf="0.94910586">
            <Unicode>35.</Unicode>
          </TextEquiv>
        </Word>
        <Word id="region0004_line0003_word0011" custom="readingOrder {index:11;}">
          <Coords points="1417,659 1446,659 1446,679 1417,679"/>
          <TextEquiv conf="0.9160995">
            <Unicode>et</Unicode>
          </TextEquiv>
        </Word>
        <Word id="region0004_line0003_word0012" custom="readingOrder {index:12;}">
          <Coords points="1479,649 1456,650 1456,686 1646,684 1646,653 1617,653 1608,648 1606,648 1596,652 1577,653 1547,651 1543,649 1530,649 1528,651 1482,651"/>
          <TextEquiv conf="0.9160995">
            <Unicode>Spanhemius</Unicode>
          </TextEquiv>
        </Word>
        <TextEquiv>
          <Unicode>21,5. p. 736. 738. Vernſd.: Brucuſius ad Tibul. 2, 3. 35. et Spanhemius</Unicode>
        </TextEquiv>
      </TextLine>
      <TextLine id="region0005_line0001" custom="readingOrder {index:3;}">
        <Coords points="522,688 518,694 494,695 494,700 495,728 531,727 548,731 622,730 630,726 681,726 709,730 735,728 755,733 769,730 776,735 856,732 926,736 1103,731 1127,735 1181,733 1188,742 1197,742 1204,733 1209,732 1240,731 1254,738 1273,738 1278,743 1290,742 1300,731 1318,728 1324,729 1330,737 1354,740 1396,738 1400,735 1402,727 1410,731 1419,731 1423,728 1518,726 1630,727 1637,731 1646,731 1650,728 1649,689 1620,689 1616,682 1599,682 1596,689 1542,688 1539,682 1520,682 1518,689 1501,688 1498,683 1456,683 1363,693 1360,684 1342,684 1338,693 1258,695 1252,691 1241,691 1238,694 1234,686 1229,684 1220,684 1216,688 1213,684 1199,684 1196,688 1197,697 1192,698 1189,690 1185,687 1125,688 1108,693 1085,695 1078,686 1062,688 1058,685 1048,686 1043,695 1039,695 1031,686 1019,685 979,686 962,697 948,697 942,693 931,693 925,697 859,697 845,695 835,688 787,689 759,695 755,686 742,686 737,693 732,694 706,691 702,686 688,686 684,691 643,694 638,693 634,687"/>
        <Word id="region0005_line0001_word0000" custom="readingOrder {index:0;}">
          <Coords points="500,697 535,696 536,723 501,724"/>
          <TextEquiv conf="0.9199036">
            <Unicode>ad</Unicode>
          </TextEquiv>
        </Word>
        <Word id="region0005_line0001_word0001" custom="readingOrder {index:1;}">
          <Coords points="640,693 560,695 561,725 669,723 668,693 652,693 643,694"/>
          <TextEquiv conf="0.8948767">
            <Unicode>Callim.</Unicode>
          </TextEquiv>
        </Word>
        <Word id="region0005_line0001_word0002" custom="readingOrder {index:2;}">
          <Coords points="693,693 717,693 718,722 694,722"/>
          <TextEquiv conf="0.90448004">
            <Unicode>h.</Unicode>
          </TextEquiv>
        </Word>
        <Word id="region0005_line0001_word0003" custom="readingOrder {index:3;}">
          <Coords points="757,691 745,691 746,720 775,720 774,691 759,695"/>
          <TextEquiv conf="0.95950705">
            <Unicode>in</Unicode>
          </TextEquiv>
        </Word>
        <Word id="region0005_line0001_word0004" custom="readingOrder {index:4;}">
          <Coords points="840,691 796,693 797,721 880,719 879,697 859,697 845,695"/>
          <TextEquiv conf="0.9598822">
            <Unicode>Dian.</Unicode>
          </TextEquiv>
        </Word>
        <Word id="region0005_line0001_word0005" custom="readingOrder {index:5;}">
          <Coords points="944,694 928,694 925,697 907,697 908,721 970,720 969,694 966,694 962,697 948,697"/>
          <TextEquiv conf="0.911677">
            <Unicode>160.</Unicode>
          </TextEquiv>
        </Word>
        <Word id="region0005_line0001_word0006" custom="readingOrder {index:6;}">
          <Coords points="1031,686 1009,687 1010,717 1123,715 1122,688 1108,693 1085,695 1078,686 1062,688 1059,686 1047,686 1043,695 1039,695"/>
          <TextEquiv conf="0.9259878">
            <Unicode>Suidas:</Unicode>
          </TextEquiv>
        </Word>
        <Word id="region0005_line0001_word0007" custom="readingOrder {index:7;}">
          <Coords points="1153,687 1154,726 1252,724 1251,691 1241,691 1238,694 1234,686 1229,684 1220,684 1216,688 1213,684 1199,684 1196,688 1197,697 1192,698 1189,690 1185,687"/>
          <TextEquiv>
            <Unicode>Νηδύς·</Unicode>
          </TextEquiv>
        </Word>
        <Word id="region0005_line0001_word0008" custom="readingOrder {index:8;}">
          <Coords points="1276,694 1277,725 1377,724 1376,691 1363,693 1360,684 1342,684 1338,693"/>
          <TextEquiv>
            <Unicode>γαϛήϱ·</Unicode>
          </TextEquiv>
        </Word>
        <Word id="region0005_line0001_word0009" custom="readingOrder {index:9;}">
          <Coords points="1403,690 1436,690 1437,715 1404,715"/>
          <TextEquiv conf="0.9096634">
            <Unicode>vt</Unicode>
          </TextEquiv>
        </Word>
        <Word id="region0005_line0001_word0010" custom="readingOrder {index:10;}">
          <Coords points="1457,683 1458,710 1545,709 1544,688 1542,688 1539,682 1520,682 1518,689 1501,688 1498,683"/>
          <TextEquiv conf="0.8962781">
            <Unicode>ſchol.</Unicode>
          </TextEquiv>
        </Word>
        <Word id="region0005_line0001_word0011" custom="readingOrder {index:11;}">
          <Coords points="1574,688 1575,714 1646,713 1645,689 1620,689 1616,682 1599,682 1596,689"/>
          <TextEquiv>
            <Unicode>min.</Unicode>
          </TextEquiv>
        </Word>
        <TextEquiv>
          <Unicode>ad Callim. h. in Dian. 160. Suidas: Νηδύς· γαϛήϱ· vt ſchol. min.</Unicode>
        </TextEquiv>
      </TextLine>
      <TextLine id="region0005_line0002" custom="readingOrder {index:4;}">
        <Coords points="497,728 496,771 503,775 516,775 521,771 577,770 581,773 593,770 683,769 694,770 698,776 706,777 714,777 720,772 772,776 834,776 899,773 904,764 904,737 899,734 848,733 777,739 769,731 755,734 735,729 709,731 701,728 630,727 608,733"/>
        <Word id="region0005_line0002_word0000" custom="readingOrder {index:0;}">
          <Coords points="578,771 588,771 587,737 500,738 501,772 520,771 521,771 577,770"/>
          <TextEquiv>
            <Unicode>Hom.</Unicode>
          </TextEquiv>
        </Word>
        <Word id="region0005_line0002_word0001" custom="readingOrder {index:1;}">
          <Coords points="605,736 639,736 639,764 605,764"/>
          <TextEquiv conf="0.9322837">
            <Unicode>ad</Unicode>
          </TextEquiv>
        </Word>
        <Word id="region0005_line0002_word0002" custom="readingOrder {index:2;}">
          <Coords points="725,772 741,772 740,734 654,736 655,769 683,769 694,770 696,773 719,773 720,772"/>
          <TextEquiv conf="0.79595405">
            <Unicode>Odyſ.</Unicode>
          </TextEquiv>
        </Word>
        <Word id="region0005_line0002_word0003" custom="readingOrder {index:3;}">
          <Coords points="773,735 756,735 756,766 781,766 781,738 777,739"/>
          <TextEquiv>
            <Unicode>ί,</Unicode>
          </TextEquiv>
        </Word>
        <Word id="region0005_line0002_word0004" custom="readingOrder {index:4;}">
          <Coords points="803,736 804,769 865,768 864,735 814,735"/>
          <TextEquiv conf="0.9664127">
            <Unicode>296.</Unicode>
          </TextEquiv>
        </Word>
        <TextEquiv>
          <Unicode>Hom. ad Odyſ. ί, 296.</Unicode>
        </TextEquiv>
      </TextLine>
      <TextEquiv>
        <Unicode>33. Erat Bacchus tanquam alter Cupido, vſquequaque formoſus,&#13;
non qualis vulgo noſtro pingitur. B. Vid. odar. 8, 8.: Himerius orat.&#13;
21,5. p. 736. 738. Vernſd.: Brucuſius ad Tibul. 2, 3. 35. et Spanhemius&#13;
ad Callim. h. in Dian. 160. Suidas: Νηδύς· γαϛήϱ· vt ſchol. min.&#13;
Hom. ad Odyſ. ί, 296.</Unicode>
      </TextEquiv>
    </TextRegion>
    <TextRegion orientation="0.8050488" readingDirection="left-to-right" id="region0006" custom="readingOrder {index:3;}">
      <Coords points="571,789 1006,787 1006,854 571,856"/>
      <TextLine id="region0006_line0001" custom="readingOrder {index:0;}">
        <Coords points="702,789 698,800 628,800 618,803 613,808 571,807 572,855 608,853 657,845 719,850 843,851 879,854 1006,851 1005,805 970,806 931,812 872,810 830,814 826,805 812,804 806,813 802,814 777,813 773,805 758,803 750,812 742,812 721,808 720,788 713,788"/>
        <Word id="region0006_line0001_word0000" custom="readingOrder {index:0;}">
          <Coords points="576,818 577,844 619,844 618,816 616,816 613,819"/>
          <TextEquiv conf="0.9273064">
            <Unicode>34.</Unicode>
          </TextEquiv>
        </Word>
        <Word id="region0006_line0001_word0001" custom="readingOrder {index:1;}">
          <Coords points="721,809 700,809 699,812 659,812 660,840 723,839 722,820"/>
          <TextEquiv conf="0.9069812">
            <Unicode>Vid.</Unicode>
          </TextEquiv>
        </Word>
        <Word id="region0006_line0001_word0002" custom="readingOrder {index:2;}">
          <Coords points="735,821 736,838 769,838 768,815 757,814 749,823 741,823"/>
          <TextEquiv conf="0.9069812">
            <Unicode>ad</Unicode>
          </TextEquiv>
        </Word>
        <Word id="region0006_line0001_word0003" custom="readingOrder {index:3;}">
          <Coords points="790,825 791,838 866,836 865,822 833,826 829,817 815,816 809,825 805,826"/>
          <TextEquiv conf="0.91182214">
            <Unicode>odar.</Unicode>
          </TextEquiv>
        </Word>
        <Word id="region0006_line0001_word0004" custom="readingOrder {index:4;}">
          <Coords points="883,821 884,842 935,841 934,822 931,823"/>
          <TextEquiv>
            <Unicode>51,</Unicode>
          </TextEquiv>
        </Word>
        <Word id="region0006_line0001_word0005" custom="readingOrder {index:5;}">
          <Coords points="958,820 959,837 1002,837 1001,818 970,819"/>
          <TextEquiv conf="0.8845837">
            <Unicode>18.</Unicode>
          </TextEquiv>
        </Word>
        <TextEquiv>
          <Unicode>34. Vid. ad odar. 51, 18.</Unicode>
        </TextEquiv>
      </TextLine>
      <TextEquiv>
        <Unicode>34. Vid. ad odar. 51, 18.</Unicode>
      </TextEquiv>
    </TextRegion>
    <TextRegion orientation="0.8050488" readingDirection="left-to-right" id="TextRegion_1646044841946_518" custom="readingOrder {index:4;}">
      <Coords points="493,879 1670,874 1670,1058 493,1058"/>
      <TextLine id="region0007_line0001" custom="readingOrder {index:0;}">
        <Coords points="618,879 608,883 528,884 523,889 523,912 529,918 544,918 562,929 596,928 608,920 617,928 678,924 711,930 758,927 765,932 778,932 779,926 786,923 801,923 807,926 821,926 827,923 892,922 922,926 963,925 970,921 980,921 987,925 1065,924 1074,919 1082,919 1088,923 1116,923 1122,918 1133,918 1150,923 1184,922 1190,919 1204,925 1215,919 1227,922 1260,921 1270,917 1306,920 1391,920 1409,914 1423,919 1502,920 1515,917 1523,920 1533,920 1543,914 1632,914 1638,909 1648,909 1655,914 1669,913 1669,875 1656,875 1423,881 1421,876 1374,876 1370,883 1339,883 1333,882 1330,876 1310,876 1306,882 1254,885 1231,885 1227,877 1210,877 1205,884 1175,884 1172,876 1163,876 1116,877 1107,884 1073,885 1069,879 1061,877 1010,878 1001,880 996,888 980,888 974,879 962,878 956,888 929,889 925,878 895,877 883,877 877,880 873,888 812,889 701,888 698,879 690,878 671,878"/>
        <Word id="region0007_line0001_word0000" custom="readingOrder {index:0;}">
          <Coords points="573,892 614,891 614,919 573,920"/>
          <TextEquiv conf="0.9282658">
            <Unicode>35.</Unicode>
          </TextEquiv>
        </Word>
        <Word id="region0007_line0001_word0001" custom="readingOrder {index:1;}">
          <Coords points="699,884 652,885 652,922 843,919 843,888 812,889 701,888"/>
          <TextEquiv conf="0.913765">
            <Unicode>Nequaquam</Unicode>
          </TextEquiv>
        </Word>
        <Word id="region0007_line0001_word0002" custom="readingOrder {index:2;}">
          <Coords points="926,881 876,881 873,888 872,888 872,912 1006,910 1006,880 1000,880 996,888 980,888 974,880 960,880 956,888 929,889"/>
          <TextEquiv conf="0.9221431">
            <Unicode>aſſentior</Unicode>
          </TextEquiv>
        </Word>
        <Word id="region0007_line0001_word0003" custom="readingOrder {index:3;}">
          <Coords points="1070,880 1026,881 1026,911 1114,910 1114,880 1112,880 1107,884 1073,885"/>
          <TextEquiv conf="0.9195514">
            <Unicode>Henr.</Unicode>
          </TextEquiv>
        </Word>
        <Word id="region0007_line0001_word0004" custom="readingOrder {index:4;}">
          <Coords points="1172,878 1141,879 1141,915 1288,913 1288,883 1254,885 1231,885 1227,877 1209,878 1205,884 1175,884"/>
          <TextEquiv conf="0.9007602">
            <Unicode>Stephano</Unicode>
          </TextEquiv>
        </Word>
        <Word id="region0007_line0001_word0005" custom="readingOrder {index:5;}">
          <Coords points="1315,876 1315,905 1371,905 1371,881 1370,883 1339,883 1333,882 1330,876"/>
          <TextEquiv conf="0.90339816">
            <Unicode>hoc</Unicode>
          </TextEquiv>
        </Word>
        <Word id="region0007_line0001_word0006" custom="readingOrder {index:6;}">
          <Coords points="1399,876 1399,903 1463,902 1463,879 1423,881 1421,876"/>
          <TextEquiv conf="0.89161384">
            <Unicode>loco</Unicode>
          </TextEquiv>
        </Word>
        <Word id="region0007_line0001_word0007" custom="readingOrder {index:7;}">
          <Coords points="1493,879 1493,910 1649,908 1649,875"/>
          <TextEquiv conf="0.89919734">
            <Unicode>reponenti</Unicode>
          </TextEquiv>
        </Word>
        <TextEquiv>
          <Unicode>35. Nequaquam aſſentior Henr. Stephano hoc loco reponenti</Unicode>
        </TextEquiv>
      </TextLine>
      <TextLine id="region0007_line0002" custom="readingOrder {index:1;}">
        <Coords points="542,919 535,928 512,926 493,927 493,936 494,963 537,961 552,956 582,968 597,961 654,967 666,960 682,959 689,963 713,964 724,970 732,965 749,964 764,970 782,963 821,963 842,959 853,959 866,964 909,963 915,959 924,959 931,964 966,965 1015,962 1021,958 1033,957 1042,961 1054,957 1080,957 1097,957 1105,965 1115,965 1119,958 1126,956 1133,956 1142,964 1171,963 1177,956 1208,955 1230,960 1247,955 1255,960 1405,957 1434,962 1445,962 1475,952 1486,956 1517,958 1524,953 1545,950 1670,948 1669,914 1655,915 1648,910 1638,910 1632,915 1550,915 1533,921 1516,919 1418,920 1409,915 1391,921 1309,923 1305,920 1286,921 1277,918 1260,922 1227,923 1215,920 1205,926 1190,920 1184,923 1151,925 1143,920 1133,919 1122,919 1116,924 1088,924 1082,920 1069,921 1065,925 987,926 980,922 970,922 963,927 892,923 827,924 820,930 809,930 801,924 786,924 780,926 778,933 765,933 711,931 684,926 617,929 608,921 597,929 563,930"/>
        <Word id="region0007_line0002_word0000" custom="readingOrder {index:0;}">
          <Coords points="544,920 540,920 535,928 512,926 498,926 498,962 537,961 552,956 566,961 596,961 597,961 600,961 623,961 622,928 617,929 608,921 597,929 563,930"/>
          <TextEquiv>
            <Unicode>μαλεϱὸν</Unicode>
          </TextEquiv>
        </Word>
        <Word id="region0007_line0002_word0001" custom="readingOrder {index:1;}">
          <Coords points="647,931 696,930 696,957 647,958"/>
          <TextEquiv conf="0.9007345">
            <Unicode>pro</Unicode>
          </TextEquiv>
        </Word>
        <Word id="region0007_line0002_word0002" custom="readingOrder {index:2;}">
          <Coords points="719,931 720,961 821,959 820,930 820,930 809,930 801,924 786,924 780,926 778,933 765,933"/>
          <TextEquiv>
            <Unicode>μηϱῶν.</Unicode>
          </TextEquiv>
        </Word>
        <Word id="region0007_line0002_word0003" custom="readingOrder {index:3;}">
          <Coords points="861,923 862,949 910,948 909,923 892,923"/>
          <TextEquiv conf="0.8756001">
            <Unicode>Iſta</Unicode>
          </TextEquiv>
        </Word>
        <Word id="region0007_line0002_word0004" custom="readingOrder {index:4;}">
          <Coords points="933,925 934,952 1010,951 1009,925 987,926 980,922 970,922 963,927"/>
          <TextEquiv conf="0.9317374">
            <Unicode>enim</Unicode>
          </TextEquiv>
        </Word>
        <Word id="region0007_line0002_word0005" custom="readingOrder {index:5;}">
          <Coords points="1034,925 1035,954 1221,952 1220,921 1215,920 1205,926 1190,920 1184,923 1151,925 1143,920 1133,919 1122,919 1116,924 1088,924 1082,920 1069,921 1065,925"/>
          <TextEquiv>
            <Unicode>reduplicatio</Unicode>
          </TextEquiv>
        </Word>
        <Word id="region0007_line0002_word0006" custom="readingOrder {index:6;}">
          <Coords points="1248,922 1249,947 1305,947 1304,920 1286,921 1277,918 1260,922"/>
          <TextEquiv conf="0.9506473">
            <Unicode>eſt,</Unicode>
          </TextEquiv>
        </Word>
        <Word id="region0007_line0002_word0007" custom="readingOrder {index:7;}">
          <Coords points="1334,922 1335,941 1364,941 1363,921"/>
          <TextEquiv conf="0.9646344">
            <Unicode>et</Unicode>
          </TextEquiv>
        </Word>
        <Word id="region0007_line0002_word0008" custom="readingOrder {index:8;}">
          <Coords points="1385,921 1386,949 1516,948 1515,919 1418,920 1409,915 1391,921"/>
          <TextEquiv conf="0.94548583">
            <Unicode>elegans,</Unicode>
          </TextEquiv>
        </Word>
        <Word id="region0007_line0002_word0009" custom="readingOrder {index:9;}">
          <Coords points="1542,918 1571,918 1572,937 1543,937"/>
          <TextEquiv>
            <Unicode>et</Unicode>
          </TextEquiv>
        </Word>
        <Word id="region0007_line0002_word0010" custom="readingOrder {index:10;}">
          <Coords points="1592,915 1593,938 1651,938 1650,911 1648,910 1638,910 1632,915"/>
          <TextEquiv conf="0.9271989">
            <Unicode>vati</Unicode>
          </TextEquiv>
        </Word>
        <TextEquiv>
          <Unicode>μαλεϱὸν pro μηϱῶν. Iſta enim reduplicatio eſt, et elegans, et vati</Unicode>
        </TextEquiv>
      </TextLine>
      <TextLine id="region0007_line0003" custom="readingOrder {index:2;}">
        <Coords points="546,957 537,962 494,964 493,983 493,998 623,995 627,998 645,996 651,1000 670,996 679,1002 817,1000 823,993 830,991 834,996 843,997 851,1005 878,995 888,1000 917,1001 980,1000 985,996 1003,996 1011,1000 1025,1000 1094,999 1126,994 1134,998 1158,996 1163,999 1236,997 1242,993 1251,993 1262,998 1292,1001 1306,1001 1316,996 1404,996 1416,999 1423,991 1446,996 1470,995 1473,992 1492,990 1532,989 1550,995 1670,994 1670,979 1670,949 1545,951 1524,954 1517,959 1493,958 1475,953 1445,963 1434,963 1418,959 1255,961 1247,956 1239,956 1233,961 1215,961 1208,956 1177,957 1171,964 1142,965 1135,958 1126,957 1119,959 1115,966 1105,966 1097,958 1080,958 1054,958 1044,962 1033,958 1021,959 1015,963 966,966 935,966 924,960 915,960 909,964 866,965 853,960 842,960 821,964 782,964 764,971 749,965 732,966 724,971 713,965 689,964 682,960 666,961 654,968 632,964 595,964 582,969 560,959"/>
        <Word id="region0007_line0003_word0000" custom="readingOrder {index:0;}">
          <Coords points="567,962 520,962 499,963 499,993 593,992 593,964 582,969"/>
          <TextEquiv conf="0.7472218">
            <Unicode>noſtro</Unicode>
          </TextEquiv>
        </Word>
        <Word id="region0007_line0003_word0001" custom="readingOrder {index:1;}">
          <Coords points="687,962 662,963 654,968 632,964 608,964 608,994 759,992 759,969 749,965 732,966 724,971 713,965 689,964"/>
          <TextEquiv>
            <Unicode>conſuera:</Unicode>
          </TextEquiv>
        </Word>
        <Word id="region0007_line0003_word0002" custom="readingOrder {index:2;}">
          <Coords points="790,967 819,966 819,988 790,989"/>
          <TextEquiv conf="0.8793129">
            <Unicode>et</Unicode>
          </TextEquiv>
        </Word>
        <Word id="region0007_line0003_word0003" custom="readingOrder {index:3;}">
          <Coords points="879,995 977,994 977,965 966,966 935,966 924,960 915,960 909,964 866,965 853,960 842,960 835,961 835,996 877,995 878,995"/>
          <TextEquiv conf="0.9058235">
            <Unicode>ſpondeus</Unicode>
          </TextEquiv>
        </Word>
        <Word id="region0007_line0003_word0004" custom="readingOrder {index:4;}">
          <Coords points="1033,958 1030,958 1021,959 1015,963 1002,963 1002,987 1039,986 1039,960"/>
          <TextEquiv>
            <Unicode>eſt</Unicode>
          </TextEquiv>
        </Word>
        <Word id="region0007_line0003_word0005" custom="readingOrder {index:5;}">
          <Coords points="1055,959 1095,958 1095,986 1055,987"/>
          <TextEquiv conf="0.9327862">
            <Unicode>illi</Unicode>
          </TextEquiv>
        </Word>
        <Word id="region0007_line0003_word0006" custom="readingOrder {index:6;}">
          <Coords points="1120,958 1120,986 1263,984 1263,960 1255,961 1247,956 1239,956 1233,961 1215,961 1208,956 1177,957 1171,964 1142,965 1135,958 1126,957"/>
          <TextEquiv conf="0.9215355">
            <Unicode>familiaris</Unicode>
          </TextEquiv>
        </Word>
        <Word id="region0007_line0003_word0007" custom="readingOrder {index:7;}">
          <Coords points="1293,962 1343,961 1343,989 1293,990"/>
          <TextEquiv conf="0.9244387">
            <Unicode>pro</Unicode>
          </TextEquiv>
        </Word>
        <Word id="region0007_line0003_word0008" custom="readingOrder {index:8;}">
          <Coords points="1359,959 1359,988 1514,986 1514,958 1493,958 1475,953 1445,963 1434,963 1418,959"/>
          <TextEquiv conf="0.88180685">
            <Unicode>anapaeſto.</Unicode>
          </TextEquiv>
        </Word>
        <Word id="region0007_line0003_word0009" custom="readingOrder {index:9;}">
          <Coords points="1554,950 1554,983 1651,982 1651,949"/>
          <TextEquiv conf="0.85111547">
            <Unicode>Quid?</Unicode>
          </TextEquiv>
        </Word>
        <TextEquiv>
          <Unicode>noſtro conſuera: et ſpondeus eſt illi familiaris pro anapaeſto. Quid?</Unicode>
        </TextEquiv>
      </TextLine>
      <TextLine id="region0007_line0004" custom="readingOrder {index:3;}">
        <Coords points="828,992 816,1003 707,1001 679,1003 670,997 658,998 653,1003 645,997 627,999 623,996 493,999 493,1024 494,1038 497,1038 508,1052 521,1051 527,1038 606,1041 660,1039 664,1042 676,1038 702,1041 759,1038 767,1048 777,1047 781,1038 800,1040 809,1046 820,1045 829,1036 897,1037 906,1038 911,1043 922,1043 927,1039 931,1042 941,1042 946,1038 956,1037 963,1047 975,1047 984,1037 1025,1041 1072,1037 1325,1034 1356,1036 1362,1042 1375,1042 1381,1034 1399,1034 1404,1038 1412,1038 1417,1034 1508,1033 1534,1035 1576,1033 1581,1028 1581,1008 1578,1004 1543,1003 1542,995 1532,990 1478,992 1470,996 1446,997 1423,992 1416,1000 1404,997 1310,998 1306,1002 1292,1002 1262,999 1251,994 1242,994 1236,998 1163,1000 1158,997 1134,999 1126,995 1116,995 1094,1000 1040,1001 1028,1006 1012,1005 1011,1001 1003,997 985,997 979,1004 932,1005 916,1001 888,1001 878,996 851,1006 843,998 834,997"/>
        <Word id="region0007_line0004_word0000" custom="readingOrder {index:0;}">
          <Coords points="576,1039 576,1002 499,1003 499,1040 502,1044 523,1044 527,1038"/>
          <TextEquiv conf="0.962456">
            <Unicode>quod</Unicode>
          </TextEquiv>
        </Word>
        <Word id="region0007_line0004_word0001" custom="readingOrder {index:1;}">
          <Coords points="594,1002 613,1001 613,1034 594,1035"/>
          <TextEquiv conf="0.81885165">
            <Unicode>ſi</Unicode>
          </TextEquiv>
        </Word>
        <Word id="region0007_line0004_word0002" custom="readingOrder {index:2;}">
          <Coords points="651,1001 630,1002 630,1034 753,1032 753,1001 707,1001 679,1003 676,1001 654,1001 653,1003"/>
          <TextEquiv>
            <Unicode>ſoluatur</Unicode>
          </TextEquiv>
        </Word>
        <Word id="region0007_line0004_word0003" custom="readingOrder {index:3;}">
          <Coords points="828,992 828,992 816,1003 767,1002 768,1038 828,1037 829,1036 859,1036 858,1003 851,1006 843,998 834,997"/>
          <TextEquiv>
            <Unicode>μηϱῶν</Unicode>
          </TextEquiv>
        </Word>
        <Word id="region0007_line0004_word0004" custom="readingOrder {index:4;}">
          <Coords points="873,997 874,1024 902,1023 901,1001 888,1001 878,996"/>
          <TextEquiv>
            <Unicode>in</Unicode>
          </TextEquiv>
        </Word>
        <Word id="region0007_line0004_word0005" custom="readingOrder {index:5;}">
          <Coords points="914,1001 915,1034 1033,1032 1032,1004 1028,1006 1012,1005 1011,1001 1003,997 985,997 979,1004 932,1005 916,1001"/>
          <TextEquiv>
            <Unicode>μεεϱῶν,</Unicode>
          </TextEquiv>
        </Word>
        <Word id="region0007_line0004_word0007" custom="readingOrder {index:6;}">
          <Coords points="1054,1000 1055,1025 1192,1023 1191,999 1163,1000 1158,997 1134,999 1126,995 1116,995 1094,1000"/>
          <TextEquiv conf="0.81566393">
            <Unicode>conſtabit</Unicode>
          </TextEquiv>
        </Word>
        <Word id="region0007_line0004_word0008" custom="readingOrder {index:7;}">
          <Coords points="1212,998 1213,1022 1297,1021 1296,1002 1292,1002 1262,999 1251,994 1242,994 1236,998"/>
          <TextEquiv conf="0.93282783">
            <Unicode>etiam</Unicode>
          </TextEquiv>
        </Word>
        <Word id="region0007_line0004_word0009" custom="readingOrder {index:8;}">
          <Coords points="1310,998 1311,1027 1479,1025 1478,992 1478,992 1470,996 1446,997 1423,992 1416,1000 1404,997"/>
          <TextEquiv conf="0.8855815">
            <Unicode>anapaeſtus.</Unicode>
          </TextEquiv>
        </Word>
        <Word id="region0007_line0004_word0010" custom="readingOrder {index:9;}">
          <Coords points="1498,991 1499,1022 1531,1021 1530,990"/>
          <TextEquiv conf="0.8917973">
            <Unicode>B.</Unicode>
          </TextEquiv>
        </Word>
        <TextEquiv>
          <Unicode>quod ſi ſoluatur μηϱῶν in μεεϱῶν, conſtabit etiam anapaeſtus. B.</Unicode>
        </TextEquiv>
      </TextLine>
      <TextEquiv>
        <Unicode>35. Nequaquam aſſentior Henr. Stephano hoc loco reponenti&#13;
μαλεϱὸν pro μηϱῶν. Iſta enim reduplicatio eſt, et elegans, et vati&#13;
noſtro conſuera: et ſpondeus eſt illi familiaris pro anapaeſto. Quid?&#13;
quod ſi ſoluatur μηϱῶν in μεεϱῶν, conſtabit etiam anapaeſtus. B.</Unicode>
      </TextEquiv>
    </TextRegion>
    <TextRegion orientation="0.8050488" readingDirection="left-to-right" id="TextRegion_1646044841946_517" custom="readingOrder {index:5;}">
      <Coords points="493,1058 1670,1058 1676,2245 499,2250"/>
      <TextLine id="region0007_line0005" custom="readingOrder {index:0;}">
        <Coords points="691,1062 675,1065 617,1067 582,1074 533,1074 528,1079 528,1103 531,1107 538,1108 540,1113 550,1116 636,1113 647,1110 703,1106 710,1111 727,1112 747,1106 753,1114 768,1111 778,1105 791,1105 797,1110 810,1111 817,1104 824,1104 831,1110 863,1110 871,1105 899,1103 905,1107 942,1104 947,1108 1040,1106 1069,1111 1080,1110 1086,1104 1100,1103 1105,1107 1112,1107 1117,1112 1130,1104 1139,1109 1161,1109 1177,1104 1192,1109 1252,1110 1258,1110 1262,1105 1278,1103 1362,1106 1372,1109 1378,1104 1398,1104 1403,1107 1433,1104 1466,1107 1507,1106 1513,1102 1583,1102 1593,1102 1599,1109 1604,1109 1621,1101 1631,1101 1645,1106 1670,1105 1670,1085 1670,1066 1562,1070 1555,1063 1543,1063 1538,1070 1514,1072 1442,1071 1439,1065 1433,1061 1422,1062 1417,1071 1279,1072 1265,1065 1238,1064 1207,1072 1168,1073 1157,1067 1145,1067 1140,1073 1111,1073 1104,1064 1071,1065 1059,1071 1034,1071 1012,1071 1004,1063 953,1062 944,1072 857,1071 845,1075 829,1075 819,1065 811,1065 806,1071 792,1068 753,1070 746,1063 733,1064 728,1069 729,1076 724,1078 719,1063"/>
        <Word id="region0007_line0005_word0000" custom="readingOrder {index:0;}">
          <Coords points="577,1074 577,1106 619,1105 619,1072 588,1072 582,1074"/>
          <TextEquiv conf="0.93789995">
            <Unicode>36.</Unicode>
          </TextEquiv>
        </Word>
        <Word id="region0007_line0005_word0001" custom="readingOrder {index:1;}">
          <Coords points="656,1067 701,1066 702,1099 657,1100"/>
          <TextEquiv>
            <Unicode>Τὸ</Unicode>
          </TextEquiv>
        </Word>
        <Word id="region0007_line0005_word0002" custom="readingOrder {index:2;}">
          <Coords points="750,1067 729,1067 728,1069 729,1076 725,1077 726,1104 848,1102 847,1074 845,1075 829,1075 820,1066 809,1066 806,1071 792,1068 753,1070"/>
          <TextEquiv>
            <Unicode>ſἀφελὲς,</Unicode>
          </TextEquiv>
        </Word>
        <Word id="region0007_line0005_word0003" custom="readingOrder {index:3;}">
          <Coords points="882,1074 942,1074 942,1093 882,1093"/>
          <TextEquiv conf="0.9307461">
            <Unicode>non</Unicode>
          </TextEquiv>
        </Word>
        <Word id="region0007_line0005_word0004" custom="readingOrder {index:4;}">
          <Coords points="1005,1064 963,1065 964,1092 1055,1091 1054,1071 1034,1071 1012,1071"/>
          <TextEquiv conf="0.91456795">
            <Unicode>ſolum</Unicode>
          </TextEquiv>
        </Word>
        <Word id="region0007_line0005_word0005" custom="readingOrder {index:5;} textStyle {offset:0; length:7;italic:true; fontSize:0.0; kerning:0;}">
          <Coords points="1104,1064 1075,1064 1071,1065 1067,1066 1068,1099 1188,1097 1187,1072 1168,1073 1157,1067 1145,1067 1140,1073 1111,1073"/>
          <TextEquiv>
            <Unicode>ſimplex</Unicode>
          </TextEquiv>
        </Word>
        <Word id="region0007_line0005_word0006" custom="readingOrder {index:6;}">
          <Coords points="1209,1071 1210,1093 1260,1092 1259,1064 1238,1064"/>
          <TextEquiv conf="0.88366807">
            <Unicode>eſt,</Unicode>
          </TextEquiv>
        </Word>
        <Word id="region0007_line0005_word0007" custom="readingOrder {index:7;}">
          <Coords points="1280,1079 1280,1096 1376,1095 1376,1079"/>
          <TextEquiv conf="0.9582714">
            <Unicode>verum</Unicode>
          </TextEquiv>
        </Word>
        <Word id="region0007_line0005_word0008" custom="readingOrder {index:8;}">
          <Coords points="1393,1078 1394,1095 1478,1094 1477,1078 1442,1078 1439,1072 1433,1068 1422,1069 1417,1078"/>
          <TextEquiv conf="0.93182516">
            <Unicode>etiam</Unicode>
          </TextEquiv>
        </Word>
        <Word id="region0007_line0005_word0009" custom="readingOrder {index:9;} textStyle {offset:0; length:6;italic:true; fontSize:0.0; kerning:0;}">
          <Coords points="1491,1081 1492,1100 1602,1098 1601,1078 1561,1080 1554,1073 1542,1073 1537,1080 1513,1082"/>
          <TextEquiv>
            <Unicode>nudum,</Unicode>
          </TextEquiv>
        </Word>
        <Word id="region0007_line0005_word0010" custom="readingOrder {index:10;}">
          <Coords points="1620,1072 1621,1096 1652,1096 1651,1071"/>
          <TextEquiv conf="0.9629182">
            <Unicode>et</Unicode>
          </TextEquiv>
        </Word>
        <TextEquiv>
          <Unicode>36. Τὸ ſἀφελὲς, non ſolum ſimplex eſt, verum etiam nudum, et</Unicode>
        </TextEquiv>
      </TextLine>
      <TextLine id="region0007_line0006" custom="readingOrder {index:1;}">
        <Coords points="697,1107 583,1117 550,1117 532,1112 494,1115 494,1117 495,1148 513,1147 518,1152 526,1151 532,1146 544,1148 563,1144 583,1148 628,1144 634,1148 646,1144 690,1143 699,1148 761,1148 806,1147 813,1140 821,1140 830,1145 861,1145 867,1149 879,1150 908,1147 912,1144 941,1145 953,1140 961,1144 1000,1148 1056,1146 1065,1143 1071,1148 1113,1147 1134,1141 1142,1142 1151,1150 1169,1142 1181,1145 1235,1142 1274,1146 1320,1145 1330,1140 1339,1140 1344,1144 1371,1145 1419,1139 1455,1141 1460,1144 1479,1141 1487,1145 1493,1141 1512,1145 1600,1143 1609,1139 1619,1139 1631,1144 1671,1143 1670,1112 1638,1110 1631,1102 1621,1102 1612,1110 1599,1110 1593,1103 1513,1103 1505,1112 1483,1112 1469,1111 1463,1106 1433,1105 1404,1108 1398,1105 1378,1105 1372,1110 1362,1107 1278,1104 1262,1106 1258,1111 1252,1111 1192,1110 1177,1105 1161,1110 1139,1110 1130,1105 1117,1113 1106,1111 1100,1104 1086,1105 1080,1111 1069,1112 1040,1107 947,1109 942,1105 906,1110 899,1104 871,1106 863,1111 831,1111 824,1105 817,1105 811,1112 797,1111 791,1106 778,1106 768,1112 753,1115 747,1107 739,1107 733,1113 720,1113"/>
        <Word id="region0007_line0006_word0000" custom="readingOrder {index:0;} textStyle {offset:0; length:8;italic:true; fontSize:0.0; kerning:0;}">
          <Coords points="633,1147 633,1121 500,1123 500,1147 513,1147 518,1152 526,1151 532,1146 544,1148 563,1144 583,1148 628,1144"/>
          <TextEquiv conf="0.9006649">
            <Unicode>apertum.</Unicode>
          </TextEquiv>
        </Word>
        <Word id="region0007_line0006_word0001" custom="readingOrder {index:1;}">
          <Coords points="674,1114 720,1114 720,1142 675,1142"/>
          <TextEquiv conf="0.88742256">
            <Unicode>Sic</Unicode>
          </TextEquiv>
        </Word>
        <Word id="region0007_line0006_word0002" custom="readingOrder {index:2;}">
          <Coords points="750,1111 741,1111 742,1145 809,1144 813,1140 821,1140 829,1144 860,1144 859,1111 831,1111 830,1110 812,1110 811,1112 797,1111 796,1111 770,1111 768,1112 753,1115"/>
          <TextEquiv>
            <Unicode>inferius</Unicode>
          </TextEquiv>
        </Word>
        <Word id="word_1646119678863_110" custom="readingOrder {index:3;}">
          <Coords points="884,1111 905,1110 979,1109 979,1139 896,1147 885,1147"/>
          <TextEquiv>
            <Unicode>[odar.</Unicode>
          </TextEquiv>
        </Word>
        <Word id="region0007_line0006_word0005" custom="readingOrder {index:4;}">
          <Coords points="999,1117 1038,1116 1039,1142 1000,1143"/>
          <TextEquiv conf="0.8804754">
            <Unicode>37,</Unicode>
          </TextEquiv>
        </Word>
        <Word id="region0007_line0006_word0006" custom="readingOrder {index:5;}">
          <Coords points="1052,1109 1053,1142 1099,1141 1098,1106 1084,1106 1080,1111 1069,1112"/>
          <TextEquiv>
            <Unicode>7.]</Unicode>
          </TextEquiv>
        </Word>
        <Word id="region0007_line0006_word0007" custom="readingOrder {index:6;}">
          <Coords points="1133,1107 1127,1107 1122,1110 1123,1143 1127,1143 1134,1141 1142,1142 1143,1143 1168,1142 1169,1142 1170,1142 1261,1141 1260,1108 1258,1111 1252,1111 1192,1110 1180,1106 1173,1106 1161,1110 1139,1110"/>
          <TextEquiv conf="0.8662628">
            <Unicode>legimus,</Unicode>
          </TextEquiv>
        </Word>
        <Word id="region0007_line0006_word0008" custom="readingOrder {index:7;}">
          <Coords points="1297,1104 1279,1105 1280,1139 1408,1137 1408,1107 1404,1108 1398,1105 1378,1105 1372,1110 1362,1107"/>
          <TextEquiv>
            <Unicode>Ἀφελῶς</Unicode>
          </TextEquiv>
        </Word>
        <Word id="word_1646119755479_152" custom="readingOrder {index:8;}">
          <Coords points="1426,1105 1513,1103 1539,1103 1540,1137 1444,1139 1420,1142"/>
          <TextEquiv>
            <Unicode> ἔλαμψε</Unicode>
          </TextEquiv>
        </Word>
        <Word id="region0007_line0006_word0011" custom="readingOrder {index:9;}">
          <Coords points="1554,1103 1554,1131 1652,1130 1652,1110 1638,1110 1631,1102 1621,1102 1612,1110 1599,1110 1593,1103"/>
          <TextEquiv>
            <Unicode>Τιτάν.</Unicode>
          </TextEquiv>
        </Word>
        <TextEquiv>
          <Unicode>apertum. Sic inferius [odar. 37, 7.] legimus, Ἀφελῶς  ἔλαμψε Τιτάν.</Unicode>
        </TextEquiv>
      </TextLine>
      <TextLine id="region0007_line0007" custom="readingOrder {index:2;}">
        <Coords points="563,1145 544,1149 532,1147 526,1152 518,1153 513,1148 495,1149 495,1188 565,1186 571,1182 582,1182 586,1185 658,1184 664,1179 674,1178 681,1183 710,1184 733,1184 754,1179 763,1185 781,1188 789,1181 804,1179 812,1178 819,1182 848,1179 852,1186 905,1181 912,1177 919,1177 926,1182 986,1181 992,1176 1009,1176 1016,1182 1102,1182 1170,1181 1184,1177 1190,1181 1221,1182 1227,1178 1236,1178 1242,1181 1273,1181 1279,1177 1287,1177 1293,1181 1313,1180 1319,1176 1350,1176 1359,1182 1388,1181 1394,1178 1427,1175 1451,1178 1478,1175 1488,1179 1503,1179 1513,1174 1521,1175 1524,1179 1572,1179 1578,1183 1587,1183 1592,1175 1601,1175 1608,1180 1637,1180 1644,1175 1671,1179 1671,1144 1631,1145 1619,1140 1609,1140 1600,1144 1512,1146 1493,1142 1487,1146 1479,1142 1460,1145 1455,1142 1419,1140 1371,1146 1344,1145 1339,1141 1330,1141 1320,1146 1274,1147 1235,1143 1181,1146 1169,1143 1151,1151 1142,1143 1134,1142 1113,1148 1071,1149 1065,1144 1056,1147 1000,1149 948,1142 941,1146 912,1145 908,1148 879,1151 867,1150 861,1146 830,1146 821,1141 814,1141 806,1148 785,1149 699,1149 690,1144 646,1145 635,1149 628,1145 599,1145 594,1150"/>
        <Word id="region0007_line0007_word0000" custom="readingOrder {index:0;} textStyle {offset:0; length:5;italic:true; fontSize:0.0; kerning:0;}">
          <Coords points="582,1182 582,1153 503,1154 503,1183 571,1182 571,1182"/>
          <TextEquiv>
            <Unicode>Recte</Unicode>
          </TextEquiv>
        </Word>
        <Word id="region0007_line0007_word0001" custom="readingOrder {index:1;} textStyle {offset:0; length:3;italic:true; fontSize:0.0; kerning:0;}">
          <Coords points="596,1153 641,1153 641,1179 596,1179"/>
          <TextEquiv>
            <Unicode>hic</Unicode>
          </TextEquiv>
        </Word>
        <Word id="region0007_line0007_word0002" custom="readingOrder {index:2;} textStyle {offset:0; length:7;italic:true; fontSize:0.0; kerning:0;}">
          <Coords points="787,1183 787,1150 661,1152 661,1182 664,1179 674,1178 681,1183 710,1184 724,1184 734,1184 754,1179 761,1183 787,1183"/>
          <TextEquiv>
            <Unicode>Baxter,</Unicode>
          </TextEquiv>
        </Word>
        <Word id="region0007_line0007_word0004" custom="readingOrder {index:3;}">
          <Coords points="828,1145 815,1145 815,1180 819,1182 819,1182 848,1179 850,1182 904,1181 905,1181 910,1178 910,1146 908,1148 879,1151 867,1150 861,1146 830,1146"/>
          <TextEquiv conf="0.91208106">
            <Unicode>inquit</Unicode>
          </TextEquiv>
        </Word>
        <Word id="region0007_line0007_word0005" custom="readingOrder {index:4;}">
          <Coords points="938,1146 931,1146 931,1174 1101,1171 1101,1148 1071,1149 1065,1144 1056,1147 1000,1149 972,1145 941,1146 941,1146"/>
          <TextEquiv conf="0.9156691">
            <Unicode>clementior</Unicode>
          </TextEquiv>
        </Word>
        <Word id="region0007_line0007_word0006" custom="readingOrder {index:5;}">
          <Coords points="1143,1144 1125,1145 1125,1172 1208,1171 1208,1144 1181,1146 1174,1144 1165,1144 1151,1151"/>
          <TextEquiv conf="0.92683214">
            <Unicode>ſolito</Unicode>
          </TextEquiv>
        </Word>
        <Word id="region0007_line0007_word0007" custom="readingOrder {index:6;}">
          <Coords points="1229,1143 1229,1172 1380,1169 1380,1144 1371,1146 1344,1145 1339,1141 1330,1141 1320,1146 1274,1147 1235,1143"/>
          <TextEquiv>
            <Unicode>Barneſius.</Unicode>
          </TextEquiv>
        </Word>
        <Word id="region0007_line0007_word0008" custom="readingOrder {index:7;}">
          <Coords points="1461,1177 1460,1145 1460,1145 1455,1142 1423,1140 1424,1175 1427,1175 1446,1177 1460,1177"/>
          <TextEquiv conf="0.879521">
            <Unicode>B.</Unicode>
          </TextEquiv>
        </Word>
        <Word id="region0007_line0007_word0009" custom="readingOrder {index:8;}">
          <Coords points="1477,1142 1477,1173 1654,1171 1654,1144 1631,1145 1619,1140 1609,1140 1600,1144 1512,1146 1493,1142 1487,1146 1479,1142"/>
          <TextEquiv conf="0.89663285">
            <Unicode>Bruncquius</Unicode>
          </TextEquiv>
        </Word>
        <TextEquiv>
          <Unicode>Recte hic Baxter, inquit clementior ſolito Barneſius. B. Bruncquius</Unicode>
        </TextEquiv>
      </TextLine>
      <TextLine id="region0007_line0008" custom="readingOrder {index:3;}">
        <Coords points="664,1180 656,1190 648,1190 643,1185 586,1186 582,1183 571,1183 565,1187 495,1189 495,1229 512,1229 524,1225 591,1222 674,1221 687,1225 698,1217 725,1217 732,1222 740,1222 844,1219 879,1215 885,1218 902,1215 941,1215 955,1217 999,1214 1015,1217 1017,1222 1023,1224 1035,1222 1041,1214 1048,1214 1055,1219 1084,1217 1126,1223 1136,1222 1136,1217 1140,1213 1147,1213 1155,1219 1170,1217 1176,1212 1194,1210 1209,1211 1219,1218 1225,1214 1282,1213 1294,1221 1308,1219 1313,1215 1352,1216 1360,1211 1367,1211 1370,1214 1381,1210 1390,1215 1405,1212 1477,1216 1507,1212 1516,1218 1545,1213 1578,1213 1607,1217 1671,1217 1671,1180 1661,1181 1651,1176 1644,1176 1637,1181 1608,1181 1601,1176 1592,1176 1587,1184 1578,1184 1572,1180 1524,1180 1521,1176 1513,1175 1503,1180 1488,1180 1478,1176 1451,1179 1427,1176 1378,1184 1359,1183 1350,1177 1319,1177 1313,1181 1293,1182 1287,1178 1279,1178 1273,1182 1242,1182 1236,1179 1227,1179 1221,1183 1190,1182 1184,1178 1162,1184 1016,1185 1009,1177 992,1177 984,1184 926,1183 919,1178 912,1178 905,1182 852,1187 848,1180 819,1183 812,1179 804,1180 789,1182 781,1189 763,1186 754,1180 739,1181 731,1186 724,1183 681,1184 674,1179"/>
        <Word id="region0007_line0008_word0000" custom="readingOrder {index:0;}">
          <Coords points="635,1221 635,1186 561,1187 502,1188 503,1225 534,1224 591,1222"/>
          <TextEquiv conf="0.91075057">
            <Unicode>putabat,</Unicode>
          </TextEquiv>
        </Word>
        <Word id="region0007_line0008_word0001" custom="readingOrder {index:1;}">
          <Coords points="680,1183 661,1184 656,1190 655,1190 656,1221 674,1221 676,1222 692,1221 698,1217 725,1217 730,1221 756,1220 755,1182 737,1182 731,1186 724,1183 681,1184"/>
          <TextEquiv>
            <Unicode>ἀφελῆ</Unicode>
          </TextEquiv>
        </Word>
        <Word id="region0007_line0008_word0002" custom="readingOrder {index:2;}">
          <Coords points="768,1186 768,1211 822,1210 822,1183 787,1183 781,1189"/>
          <TextEquiv>
            <Unicode>eſſe</Unicode>
          </TextEquiv>
        </Word>
        <Word id="region0007_line0008_word0003" custom="readingOrder {index:3;}">
          <Coords points="850,1184 839,1185 839,1211 895,1210 895,1184 881,1184 852,1187"/>
          <TextEquiv conf="0.96318185">
            <Unicode>hoc</Unicode>
          </TextEquiv>
        </Word>
        <Word id="region0007_line0008_word0004" custom="readingOrder {index:4;}">
          <Coords points="924,1181 910,1182 910,1209 976,1208 976,1183 926,1183"/>
          <TextEquiv conf="0.92481583">
            <Unicode>loco</Unicode>
          </TextEquiv>
        </Word>
        <Word id="region0007_line0008_word0005" custom="readingOrder {index:5;}">
          <Coords points="1010,1178 991,1178 988,1180 989,1215 999,1214 1015,1217 1015,1218 1039,1217 1041,1214 1048,1214 1052,1217 1105,1216 1104,1184 1016,1185"/>
          <TextEquiv>
            <Unicode>ἄτϱιχα,</Unicode>
          </TextEquiv>
        </Word>
        <Word id="region0007_line0008_word0006" custom="readingOrder {index:6;} textStyle {offset:0; length:7;italic:true; fontSize:0.0; kerning:0;}">
          <Coords points="1186,1179 1180,1179 1162,1184 1124,1184 1125,1213 1176,1212 1176,1212 1194,1210 1209,1211 1210,1212 1252,1211 1251,1182 1242,1182 1236,1179 1227,1179 1221,1183 1190,1182"/>
          <TextEquiv conf="0.87010527">
            <Unicode>pudenda</Unicode>
          </TextEquiv>
        </Word>
        <Word id="region0007_line0008_word0007" custom="readingOrder {index:7;} textStyle {offset:0; length:8;italic:true; fontSize:0.0; kerning:0;}">
          <Coords points="1350,1177 1318,1177 1313,1181 1293,1182 1287,1178 1279,1178 1273,1182 1264,1182 1265,1213 1358,1212 1360,1211 1367,1211 1368,1212 1375,1212 1376,1211 1376,1183 1359,1183"/>
          <TextEquiv>
            <Unicode>depilia.</Unicode>
          </TextEquiv>
        </Word>
        <Word id="region0007_line0008_word0008" custom="readingOrder {index:8;}">
          <Coords points="1415,1177 1415,1204 1454,1203 1454,1178 1451,1179 1427,1176"/>
          <TextEquiv conf="0.9119632">
            <Unicode>At</Unicode>
          </TextEquiv>
        </Word>
        <Word id="region0007_line0008_word0009" custom="readingOrder {index:9;}">
          <Coords points="1468,1177 1468,1205 1536,1204 1536,1180 1524,1180 1521,1176 1513,1175 1503,1180 1488,1180 1478,1176"/>
          <TextEquiv conf="0.8741439">
            <Unicode>huic</Unicode>
          </TextEquiv>
        </Word>
        <Word id="region0007_line0008_word0010" custom="readingOrder {index:10;}">
          <Coords points="1550,1180 1550,1203 1654,1202 1654,1177 1651,1176 1644,1176 1637,1181 1608,1181 1601,1176 1592,1176 1587,1184 1578,1184 1572,1180"/>
          <TextEquiv>
            <Unicode>rationi</Unicode>
          </TextEquiv>
        </Word>
        <TextEquiv>
          <Unicode>putabat, ἀφελῆ eſſe hoc loco ἄτϱιχα, pudenda depilia. At huic rationi</Unicode>
        </TextEquiv>
      </TextLine>
      <TextLine id="region0007_line0009" custom="readingOrder {index:4;}">
        <Coords points="698,1218 687,1226 674,1222 591,1223 524,1226 512,1230 495,1230 495,1260 504,1256 535,1255 547,1266 572,1258 579,1258 583,1263 593,1263 617,1258 694,1258 700,1255 716,1259 748,1258 754,1254 761,1254 771,1261 790,1258 796,1254 806,1254 812,1257 958,1256 963,1259 1048,1251 1054,1255 1155,1255 1179,1257 1209,1251 1261,1250 1267,1253 1356,1249 1365,1250 1372,1255 1481,1256 1485,1252 1498,1253 1507,1250 1515,1255 1538,1254 1546,1250 1584,1250 1597,1250 1603,1255 1671,1254 1671,1220 1599,1221 1593,1215 1578,1214 1545,1214 1517,1221 1507,1213 1497,1216 1466,1217 1462,1214 1446,1214 1396,1213 1390,1216 1381,1211 1374,1215 1360,1212 1351,1220 1312,1217 1308,1220 1294,1222 1282,1214 1225,1215 1219,1219 1209,1212 1187,1211 1174,1214 1167,1222 1155,1222 1149,1215 1140,1214 1136,1223 1125,1224 1084,1218 1055,1220 1048,1215 1041,1215 1035,1223 1023,1225 1009,1222 999,1215 981,1218 902,1216 885,1219 879,1216 868,1216 862,1220 740,1223 732,1223 725,1218"/>
        <Word id="region0007_line0009_word0000" custom="readingOrder {index:0;}">
          <Coords points="664,1258 664,1232 505,1234 505,1255 535,1255 542,1261 561,1261 572,1258 579,1258 581,1261 603,1260 617,1258"/>
          <TextEquiv>
            <Unicode>repugnare</Unicode>
          </TextEquiv>
        </Word>
        <Word id="region0007_line0009_word0001" custom="readingOrder {index:1;}">
          <Coords points="680,1223 679,1224 679,1258 694,1257 700,1255 710,1257 749,1256 754,1254 761,1254 764,1256 792,1256 796,1254 806,1254 810,1256 813,1256 813,1222 689,1223 687,1226"/>
          <TextEquiv conf="0.90254956">
            <Unicode>videntur</Unicode>
          </TextEquiv>
        </Word>
        <Word id="region0007_line0009_word0002" custom="readingOrder {index:2;}">
          <Coords points="821,1222 903,1221 903,1249 821,1250"/>
          <TextEquiv conf="0.7518337">
            <Unicode>verba</Unicode>
          </TextEquiv>
        </Word>
        <Word id="region0007_line0009_word0003" custom="readingOrder {index:3;}">
          <Coords points="1007,1220 913,1222 913,1256 958,1256 958,1256 1001,1255 1024,1253 1024,1225 1023,1225 1009,1222"/>
          <TextEquiv>
            <Unicode>Παφίην</Unicode>
          </TextEquiv>
        </Word>
        <Word id="region0007_line0009_word0004" custom="readingOrder {index:4;}">
          <Coords points="1050,1216 1039,1216 1038,1219 1038,1248 1163,1247 1163,1222 1155,1222 1149,1216 1139,1216 1136,1223 1125,1224 1084,1218 1055,1220"/>
          <TextEquiv>
            <Unicode>Ϳέλȣσαν</Unicode>
          </TextEquiv>
        </Word>
        <Word id="region0007_line0009_word0005" custom="readingOrder {index:5;}">
          <Coords points="1210,1213 1178,1213 1177,1213 1177,1251 1209,1251 1233,1250 1233,1214 1225,1215 1219,1219"/>
          <TextEquiv>
            <Unicode>ἤδη.</Unicode>
          </TextEquiv>
        </Word>
        <Word id="region0007_line0009_word0006" custom="readingOrder {index:6;}">
          <Coords points="1288,1218 1254,1219 1254,1245 1323,1244 1323,1218 1310,1218 1308,1220 1294,1222"/>
          <TextEquiv conf="0.913498">
            <Unicode>Nam</Unicode>
          </TextEquiv>
        </Word>
        <Word id="region0007_line0009_word0007" custom="readingOrder {index:7;}">
          <Coords points="1371,1254 1416,1254 1415,1213 1396,1213 1390,1216 1381,1211 1374,1215 1360,1212 1351,1220 1339,1219 1339,1249 1356,1249 1365,1250"/>
          <TextEquiv>
            <Unicode>αἰδὼς</Unicode>
          </TextEquiv>
        </Word>
        <Word id="region0007_line0009_word0008" custom="readingOrder {index:8;}">
          <Coords points="1418,1213 1418,1250 1534,1248 1534,1216 1517,1221 1507,1213 1497,1216 1466,1217 1462,1214 1446,1214"/>
          <TextEquiv>
            <Unicode>Παφίην</Unicode>
          </TextEquiv>
        </Word>
        <Word id="word_1646124485517_395" custom="readingOrder {index:9;}">
          <Coords points="1553,1214 1578,1214 1593,1215 1655,1222 1655,1239 1553,1241"/>
          <TextEquiv>
            <Unicode>Ϳέλȣσα</Unicode>
          </TextEquiv>
        </Word>
        <TextEquiv>
          <Unicode>repugnare videntur verba Παφίην Ϳέλȣσαν ἤδη. Nam αἰδὼς Παφίην Ϳέλȣσα</Unicode>
        </TextEquiv>
      </TextLine>
      <TextLine id="region0007_line0010" custom="readingOrder {index:5;}">
        <Coords points="516,1256 500,1259 498,1266 495,1267 496,1300 553,1300 590,1298 606,1292 643,1291 659,1299 666,1295 722,1295 727,1292 738,1292 744,1295 809,1295 817,1289 826,1289 832,1293 876,1294 891,1297 949,1294 955,1289 963,1289 970,1294 996,1297 998,1291 1005,1288 1016,1293 1044,1293 1070,1292 1076,1288 1102,1291 1109,1286 1116,1286 1129,1287 1136,1292 1278,1291 1304,1286 1311,1289 1333,1291 1352,1287 1360,1292 1403,1291 1440,1286 1462,1288 1469,1293 1494,1292 1504,1287 1513,1287 1521,1292 1540,1291 1553,1287 1567,1293 1576,1288 1585,1288 1592,1293 1616,1289 1622,1294 1658,1298 1671,1295 1671,1287 1671,1255 1603,1256 1597,1251 1584,1251 1546,1251 1538,1255 1515,1256 1507,1251 1472,1257 1375,1257 1365,1251 1356,1250 1311,1250 1305,1254 1209,1252 1179,1258 1155,1256 1054,1256 1048,1252 1037,1252 1023,1256 976,1257 963,1260 958,1257 813,1259 806,1255 771,1262 761,1255 754,1255 747,1260 717,1261 712,1257 700,1256 693,1260 617,1259 593,1264 583,1264 579,1259 572,1259 547,1267 535,1256"/>
        <Word id="region0007_line0010_word0000" custom="readingOrder {index:0;}">
          <Coords points="536,1257 505,1257 503,1258 504,1297 554,1296 553,1265 547,1267"/>
          <TextEquiv>
            <Unicode>ἤδη</Unicode>
          </TextEquiv>
        </Word>
        <Word id="region0007_line0010_word0001" custom="readingOrder {index:1;}">
          <Coords points="580,1260 569,1261 570,1288 637,1287 636,1260 610,1260 593,1264 583,1264"/>
          <TextEquiv conf="0.801332">
            <Unicode>ſunt</Unicode>
          </TextEquiv>
        </Word>
        <Word id="region0007_line0010_word0002" custom="readingOrder {index:2;} textStyle {offset:0; length:7;italic:true; fontSize:0.0; kerning:0;}">
          <Coords points="669,1259 649,1260 649,1294 652,1295 664,1295 666,1295 713,1295 722,1294 727,1292 738,1292 743,1294 777,1294 776,1260 771,1262 765,1258 749,1258 747,1260 717,1261 714,1258 694,1259 693,1260"/>
          <TextEquiv conf="0.7934374">
            <Unicode>pudenda</Unicode>
          </TextEquiv>
        </Word>
        <Word id="region0007_line0010_word0003" custom="readingOrder {index:3;} textStyle {offset:0; length:7;italic:true; fontSize:0.0; kerning:0;}">
          <Coords points="810,1257 791,1257 790,1258 791,1292 813,1291 817,1289 826,1289 829,1291 901,1290 900,1257 813,1259"/>
          <TextEquiv>
            <Unicode>lanata,</Unicode>
          </TextEquiv>
        </Word>
        <Word id="region0007_line0010_word0004" custom="readingOrder {index:4;}">
          <Coords points="921,1262 971,1261 971,1280 921,1281"/>
          <TextEquiv conf="0.9328103">
            <Unicode>aut</Unicode>
          </TextEquiv>
        </Word>
        <Word id="region0007_line0010_word0005" custom="readingOrder {index:5;}">
          <Coords points="1049,1252 1035,1252 1023,1256 986,1257 987,1289 1003,1289 1005,1288 1007,1289 1076,1288 1076,1288 1076,1288 1081,1288 1080,1256 1054,1256"/>
          <TextEquiv conf="0.9006767">
            <Unicode>potius</Unicode>
          </TextEquiv>
        </Word>
        <Word id="region0007_line0010_word0006" custom="readingOrder {index:6;} textStyle {offset:0; length:6;italic:true; fontSize:0.0; kerning:0;}">
          <Coords points="1095,1259 1182,1258 1182,1279 1095,1280"/>
          <TextEquiv conf="0.26783136">
            <Unicode>tenta.</Unicode>
          </TextEquiv>
        </Word>
        <Word id="region0007_line0010_word0007" custom="readingOrder {index:7;}">
          <Coords points="1244,1252 1222,1253 1222,1280 1307,1279 1307,1252 1305,1254"/>
          <TextEquiv conf="0.91793245">
            <Unicode>Certe</Unicode>
          </TextEquiv>
        </Word>
        <Word id="region0007_line0010_word0008" custom="readingOrder {index:8;}">
          <Coords points="1325,1250 1325,1277 1456,1275 1456,1257 1375,1257 1365,1251 1356,1250"/>
          <TextEquiv>
            <Unicode>Clemens</Unicode>
          </TextEquiv>
        </Word>
        <Word id="region0007_line0010_word0009" custom="readingOrder {index:9;}">
          <Coords points="1476,1256 1476,1275 1554,1274 1554,1251 1546,1251 1538,1255 1515,1256 1507,1251"/>
          <TextEquiv conf="0.9303617">
            <Unicode>Alex.</Unicode>
          </TextEquiv>
        </Word>
        <Word id="region0007_line0010_word0010" custom="readingOrder {index:10;}">
          <Coords points="1564,1251 1565,1280 1655,1279 1654,1255 1603,1256 1597,1251 1584,1251"/>
          <TextEquiv conf="0.90725064">
            <Unicode>Protr,</Unicode>
          </TextEquiv>
        </Word>
        <TextEquiv>
          <Unicode>ἤδη ſunt pudenda lanata, aut potius tenta. Certe Clemens Alex. Protr,</Unicode>
        </TextEquiv>
      </TextLine>
      <TextLine id="region0007_line0011" custom="readingOrder {index:6;}">
        <Coords points="643,1292 606,1293 590,1299 553,1301 495,1301 495,1336 495,1340 527,1339 545,1335 558,1335 564,1338 577,1335 615,1334 629,1335 640,1340 651,1335 658,1341 686,1340 694,1338 700,1331 712,1331 719,1335 749,1334 756,1329 767,1329 772,1333 852,1333 858,1337 871,1337 879,1329 936,1333 1014,1331 1021,1327 1030,1326 1039,1329 1041,1339 1077,1342 1092,1338 1097,1329 1181,1332 1202,1329 1208,1330 1214,1336 1226,1336 1233,1330 1243,1326 1257,1329 1381,1325 1400,1329 1433,1326 1439,1329 1477,1330 1671,1327 1671,1298 1622,1295 1616,1290 1592,1294 1585,1289 1576,1289 1567,1294 1553,1288 1540,1292 1521,1293 1513,1288 1504,1288 1494,1293 1469,1294 1462,1289 1436,1287 1396,1293 1375,1294 1360,1293 1352,1288 1333,1292 1311,1290 1304,1287 1266,1293 1137,1294 1129,1288 1116,1287 1109,1287 1102,1293 1092,1294 1085,1289 1076,1289 1069,1294 1016,1294 1005,1289 1000,1290 996,1298 970,1295 963,1290 955,1290 949,1295 891,1298 876,1295 833,1295 826,1290 817,1290 809,1296 744,1296 738,1293 727,1293 721,1297 665,1297 659,1300"/>
        <Word id="region0007_line0011_word0000" custom="readingOrder {index:0;}">
          <Coords points="506,1308 537,1307 537,1333 506,1334"/>
          <TextEquiv>
            <Unicode>p.</Unicode>
          </TextEquiv>
        </Word>
        <Word id="region0007_line0011_word0001" custom="readingOrder {index:1;}">
          <Coords points="555,1308 601,1307 601,1332 555,1333"/>
          <TextEquiv conf="0.91099685">
            <Unicode>40.</Unicode>
          </TextEquiv>
        </Word>
        <Word id="region0007_line0011_word0002" custom="readingOrder {index:2;}">
          <Coords points="617,1298 641,1298 641,1325 617,1325"/>
          <TextEquiv conf="0.51891065">
            <Unicode>C</Unicode>
          </TextEquiv>
        </Word>
        <Word id="region0007_line0011_word0003" custom="readingOrder {index:3;}">
          <Coords points="782,1296 663,1297 661,1299 661,1335 697,1334 700,1331 712,1331 717,1334 749,1333 756,1329 767,1329 772,1333 782,1333"/>
          <TextEquiv>
            <Unicode>grauiter</Unicode>
          </TextEquiv>
        </Word>
        <Word id="region0007_line0011_word0004" custom="readingOrder {index:4;}">
          <Coords points="868,1295 809,1296 809,1296 798,1296 798,1332 877,1331 879,1329 901,1331 938,1330 938,1296 891,1298 876,1295"/>
          <TextEquiv conf="0.9163839">
            <Unicode>viruperat</Unicode>
          </TextEquiv>
        </Word>
        <Word id="region0007_line0011_word0005" custom="readingOrder {index:5;}">
          <Coords points="967,1293 954,1293 954,1322 982,1322 982,1296 970,1295"/>
          <TextEquiv conf="0.932444">
            <Unicode>in</Unicode>
          </TextEquiv>
        </Word>
        <Word id="region0007_line0011_word0006" custom="readingOrder {index:6;}">
          <Coords points="1009,1290 1002,1291 1002,1331 1014,1331 1021,1327 1030,1326 1039,1329 1040,1334 1094,1333 1097,1329 1181,1332 1188,1331 1188,1293 1137,1294 1130,1288 1106,1289 1102,1293 1092,1294 1085,1289 1074,1289 1069,1294 1016,1294"/>
          <TextEquiv conf="0.5538288">
            <Unicode>imaginibus,</Unicode>
          </TextEquiv>
        </Word>
        <Word id="region0007_line0011_word0007" custom="readingOrder {index:7;}">
          <Coords points="1208,1298 1275,1297 1275,1325 1208,1326"/>
          <TextEquiv conf="0.9201437">
            <Unicode>quas</Unicode>
          </TextEquiv>
        </Word>
        <Word id="region0007_line0011_word0008" custom="readingOrder {index:8;}">
          <Coords points="1308,1288 1298,1289 1298,1319 1401,1317 1401,1292 1396,1293 1375,1294 1360,1293 1352,1288 1333,1292 1311,1290"/>
          <TextEquiv conf="0.1747705">
            <Unicode>barbari</Unicode>
          </TextEquiv>
        </Word>
        <Word id="region0007_line0011_word0009" custom="readingOrder {index:9;}">
          <Coords points="1443,1287 1430,1287 1425,1288 1425,1316 1472,1315 1472,1293 1469,1294 1462,1289"/>
          <TextEquiv>
            <Unicode>ſibi</Unicode>
          </TextEquiv>
        </Word>
        <Word id="region0007_line0011_word0010" custom="readingOrder {index:10;}">
          <Coords points="1496,1292 1496,1317 1554,1316 1554,1288 1553,1288 1540,1292 1521,1293 1513,1288 1504,1288"/>
          <TextEquiv conf="0.8927588">
            <Unicode>fieri</Unicode>
          </TextEquiv>
        </Word>
        <Word id="region0007_line0011_word0011" custom="readingOrder {index:11;}">
          <Coords points="1575,1289 1575,1316 1656,1315 1656,1297 1622,1295 1616,1290 1592,1294 1585,1289 1576,1289"/>
          <TextEquiv conf="0.87211055">
            <Unicode>iube-</Unicode>
          </TextEquiv>
        </Word>
        <TextEquiv>
          <Unicode>p. 40. C grauiter viruperat in imaginibus, quas barbari ſibi fieri iube-</Unicode>
        </TextEquiv>
      </TextLine>
      <TextLine id="region0007_line0012" custom="readingOrder {index:7;}">
        <Coords points="756,1330 748,1337 723,1339 712,1332 700,1332 695,1339 686,1341 658,1342 651,1336 640,1341 634,1338 582,1341 577,1336 570,1339 545,1336 537,1339 495,1342 495,1343 496,1374 545,1374 556,1377 615,1373 630,1378 642,1372 721,1372 743,1367 750,1371 901,1370 914,1375 948,1377 959,1370 978,1371 994,1367 999,1371 1010,1367 1052,1366 1075,1370 1079,1366 1090,1365 1100,1370 1148,1372 1156,1375 1166,1371 1197,1369 1204,1365 1208,1365 1216,1372 1240,1364 1289,1364 1298,1368 1315,1368 1340,1363 1348,1369 1375,1369 1387,1365 1399,1373 1408,1371 1416,1364 1426,1364 1432,1370 1490,1368 1495,1364 1506,1364 1511,1368 1672,1368 1671,1332 1611,1333 1604,1328 1443,1332 1433,1327 1388,1331 1381,1326 1322,1326 1297,1333 1258,1334 1254,1328 1243,1327 1234,1336 1226,1337 1097,1334 1090,1340 1077,1343 1041,1340 1038,1329 1030,1327 1021,1328 1013,1333 986,1331 952,1338 904,1337 903,1332 896,1329 879,1330 871,1338 858,1338 773,1337 767,1330"/>
        <Word id="region0007_line0012_word0000" custom="readingOrder {index:0;}">
          <Coords points="503,1343 563,1342 564,1370 504,1371"/>
          <TextEquiv conf="0.89887375">
            <Unicode>ant,</Unicode>
          </TextEquiv>
        </Word>
        <Word id="region0007_line0012_word0001" custom="readingOrder {index:1;}">
          <Coords points="685,1372 684,1341 658,1342 651,1336 640,1341 634,1338 583,1340 584,1374 606,1373 615,1373 616,1373 640,1372 642,1372"/>
          <TextEquiv>
            <Unicode>μοϱίων</Unicode>
          </TextEquiv>
        </Word>
        <Word id="region0007_line0012_word0002" custom="readingOrder {index:2;}">
          <Coords points="713,1332 700,1333 701,1365 825,1363 824,1337 773,1337 768,1331 753,1332 748,1337 723,1339"/>
          <TextEquiv>
            <Unicode>ἐντάσας,</Unicode>
          </TextEquiv>
        </Word>
        <Word id="region0007_line0012_word0003" custom="readingOrder {index:3;}">
          <Coords points="903,1332 876,1332 871,1338 858,1338 846,1337 847,1359 907,1358 906,1337 904,1337"/>
          <TextEquiv>
            <Unicode>ταῖς</Unicode>
          </TextEquiv>
        </Word>
        <Word id="region0007_line0012_word0004" custom="readingOrder {index:4;}">
          <Coords points="1038,1329 1018,1329 1013,1333 986,1331 952,1338 923,1337 924,1369 990,1367 994,1367 995,1367 1008,1367 1010,1367 1047,1366 1047,1340 1041,1340"/>
          <TextEquiv>
            <Unicode>γϱαφαῖς</Unicode>
          </TextEquiv>
        </Word>
        <Word id="word_1646124837792_558" custom="readingOrder {index:5;}">
          <Coords points="1060,1340 1091,1338 1121,1334 1242,1327 1249,1327 1304,1331 1305,1361 1122,1363 1065,1360"/>
          <TextEquiv>
            <Unicode>ἀπυγυμνȣμένας.</Unicode>
          </TextEquiv>
        </Word>
        <Word id="region0007_line0012_word0007" custom="readingOrder {index:6;}">
          <Coords points="1381,1326 1346,1327 1347,1361 1443,1360 1442,1331 1433,1327 1388,1331"/>
          <TextEquiv>
            <Unicode>Παφίη</Unicode>
          </TextEquiv>
        </Word>
        <Word id="region0007_line0012_word0008" custom="readingOrder {index:7;}">
          <Coords points="1459,1332 1553,1331 1554,1353 1460,1354"/>
          <TextEquiv conf="0.876906">
            <Unicode>autem</Unicode>
          </TextEquiv>
        </Word>
        <Word id="region0007_line0012_word0009" custom="readingOrder {index:8;} textStyle {offset:0; length:5;italic:true; fontSize:0.0; kerning:0;}">
          <Coords points="1574,1328 1575,1352 1658,1351 1657,1332 1611,1333 1604,1328"/>
          <TextEquiv conf="0.8976554">
            <Unicode>Venus</Unicode>
          </TextEquiv>
        </Word>
        <TextEquiv>
          <Unicode>ant, μοϱίων ἐντάσας, ταῖς γϱαφαῖς ἀπυγυμνȣμένας. Παφίη autem Venus</Unicode>
        </TextEquiv>
      </TextLine>
      <TextLine id="region0007_line0013" custom="readingOrder {index:8;}">
        <Coords points="732,1369 726,1373 642,1374 630,1379 615,1374 556,1378 545,1375 496,1375 495,1400 495,1409 522,1408 529,1411 568,1411 574,1407 583,1407 595,1411 602,1405 610,1405 629,1407 639,1412 668,1413 717,1410 732,1406 743,1410 760,1406 767,1411 788,1413 826,1411 833,1406 844,1409 860,1406 880,1410 924,1406 946,1410 955,1414 987,1409 1055,1408 1069,1411 1077,1405 1109,1404 1242,1407 1264,1409 1279,1414 1311,1411 1321,1407 1350,1411 1437,1406 1449,1403 1487,1402 1491,1405 1507,1406 1513,1402 1522,1402 1543,1404 1584,1403 1612,1411 1621,1403 1626,1403 1651,1411 1671,1407 1672,1401 1672,1369 1511,1369 1506,1365 1495,1365 1490,1369 1432,1371 1426,1365 1416,1365 1408,1372 1399,1374 1387,1366 1375,1370 1348,1370 1340,1364 1332,1364 1324,1369 1298,1369 1289,1365 1240,1365 1219,1373 1204,1366 1196,1371 1166,1372 1156,1376 1148,1373 1112,1373 1097,1370 1090,1366 1082,1366 1075,1371 1052,1367 1010,1368 999,1372 994,1368 978,1372 958,1372 945,1378 914,1376 902,1372 768,1373"/>
        <Word id="region0007_line0013_word0000" custom="readingOrder {index:0;}">
          <Coords points="633,1409 638,1409 638,1385 505,1387 505,1408 522,1408 528,1410 569,1410 574,1407 583,1407 591,1409 596,1409 602,1405 610,1405 629,1407"/>
          <TextEquiv conf="0.105370715">
            <Unicode>vocatur,</Unicode>
          </TextEquiv>
        </Word>
        <Word id="region0007_line0013_word0001" custom="readingOrder {index:1;}">
          <Coords points="660,1386 690,1385 690,1407 660,1408"/>
          <TextEquiv>
            <Unicode>vt</Unicode>
          </TextEquiv>
        </Word>
        <Word id="region0007_line0013_word0002" custom="readingOrder {index:2;}">
          <Coords points="707,1376 784,1375 784,1405 707,1406"/>
          <TextEquiv>
            <Unicode>odar.</Unicode>
          </TextEquiv>
        </Word>
        <Word id="region0007_line0013_word0003" custom="readingOrder {index:3;}">
          <Coords points="834,1406 845,1406 845,1380 804,1381 804,1407 833,1406 833,1406"/>
          <TextEquiv conf="0.9100281">
            <Unicode>51,</Unicode>
          </TextEquiv>
        </Word>
        <Word id="region0007_line0013_word0004" custom="readingOrder {index:4;}">
          <Coords points="865,1381 923,1380 923,1406 865,1407"/>
          <TextEquiv>
            <Unicode>29.,</Unicode>
          </TextEquiv>
        </Word>
        <Word id="region0007_line0013_word0005" custom="readingOrder {index:5;}">
          <Coords points="996,1370 984,1370 978,1372 958,1372 946,1377 946,1409 1008,1408 1008,1370 1004,1370 999,1372"/>
          <TextEquiv conf="0.92364985">
            <Unicode>quia</Unicode>
          </TextEquiv>
        </Word>
        <Word id="region0007_line0013_word0006" custom="readingOrder {index:6;}">
          <Coords points="1071,1370 1023,1371 1023,1408 1055,1408 1062,1409 1071,1409 1077,1405 1109,1404 1150,1405 1150,1374 1148,1373 1112,1373 1097,1370 1097,1370 1076,1370 1075,1371"/>
          <TextEquiv conf="0.91798896">
            <Unicode>Paphus,</Unicode>
          </TextEquiv>
        </Word>
        <Word id="region0007_line0013_word0007" custom="readingOrder {index:7;}">
          <Coords points="1210,1369 1199,1369 1196,1371 1171,1371 1171,1397 1235,1397 1235,1369 1229,1369 1219,1373"/>
          <TextEquiv>
            <Unicode>vrbs</Unicode>
          </TextEquiv>
        </Word>
        <Word id="region0007_line0013_word0008" custom="readingOrder {index:8;}">
          <Coords points="1340,1364 1331,1364 1324,1369 1298,1369 1289,1365 1254,1365 1254,1405 1357,1404 1357,1370 1348,1370"/>
          <TextEquiv conf="0.925375">
            <Unicode>Cypri,</Unicode>
          </TextEquiv>
        </Word>
        <Word id="region0007_line0013_word0009" custom="readingOrder {index:9;}">
          <Coords points="1379,1368 1379,1399 1457,1397 1457,1370 1432,1371 1426,1365 1416,1365 1408,1372 1399,1374 1387,1366"/>
          <TextEquiv>
            <Unicode>ſedes</Unicode>
          </TextEquiv>
        </Word>
        <Word id="region0007_line0013_word0010" custom="readingOrder {index:10;}">
          <Coords points="1480,1369 1480,1395 1549,1394 1549,1369 1511,1369 1506,1365 1495,1365 1490,1369"/>
          <TextEquiv conf="0.9288118">
            <Unicode>eius,</Unicode>
          </TextEquiv>
        </Word>
        <Word id="region0007_line0013_word0011" custom="readingOrder {index:11;}">
          <Coords points="1571,1370 1657,1369 1657,1399 1571,1400"/>
          <TextEquiv conf="0.96410096">
            <Unicode>atque</Unicode>
          </TextEquiv>
        </Word>
        <TextEquiv>
          <Unicode>vocatur, vt odar. 51, 29., quia Paphus, vrbs Cypri, ſedes eius, atque</Unicode>
        </TextEquiv>
      </TextLine>
      <TextLine id="region0007_line0014" custom="readingOrder {index:9;}">
        <Coords points="602,1406 595,1412 583,1408 574,1408 567,1413 529,1412 522,1409 495,1412 495,1428 496,1451 757,1445 764,1449 779,1449 788,1444 818,1443 866,1445 873,1450 1023,1448 1038,1443 1045,1447 1059,1448 1171,1448 1189,1444 1249,1443 1255,1447 1283,1451 1319,1448 1325,1443 1336,1447 1343,1443 1372,1443 1422,1448 1455,1446 1465,1441 1524,1440 1530,1444 1562,1444 1576,1441 1582,1445 1598,1445 1672,1443 1671,1408 1651,1412 1633,1409 1626,1404 1621,1404 1615,1412 1584,1404 1543,1405 1522,1403 1513,1403 1496,1409 1492,1409 1487,1403 1449,1404 1437,1407 1350,1412 1321,1408 1311,1412 1279,1415 1264,1410 1209,1410 1191,1406 1077,1406 1069,1412 1055,1409 987,1410 955,1415 946,1411 924,1407 880,1411 860,1407 850,1407 846,1410 833,1407 826,1412 788,1414 767,1412 760,1407 752,1407 745,1412 732,1407 722,1408 715,1413 668,1414 639,1413 629,1408"/>
        <Word id="region0007_line0014_word0000" custom="readingOrder {index:0;}">
          <Coords points="544,1412 504,1413 505,1449 700,1446 699,1413 668,1414 639,1413 635,1411 595,1412 595,1412 594,1412 568,1412 567,1413"/>
          <TextEquiv conf="0.84049994">
            <Unicode>domicilium,</Unicode>
          </TextEquiv>
        </Word>
        <Word id="region0007_line0014_word0001" custom="readingOrder {index:1;}">
          <Coords points="744,1412 720,1412 721,1441 785,1440 784,1414 767,1412 766,1411 746,1412 745,1412"/>
          <TextEquiv>
            <Unicode>fuit.</Unicode>
          </TextEquiv>
        </Word>
        <Word id="region0007_line0014_word0002" custom="readingOrder {index:2;}">
          <Coords points="846,1410 828,1410 826,1412 815,1412 816,1438 871,1438 870,1410"/>
          <TextEquiv conf="0.93304765">
            <Unicode>vid.</Unicode>
          </TextEquiv>
        </Word>
        <Word id="region0007_line0014_word0003" custom="readingOrder {index:3;}">
          <Coords points="932,1409 903,1409 895,1410 896,1440 1056,1438 1055,1409 1055,1409 987,1410 955,1415 946,1411"/>
          <TextEquiv conf="0.7392392">
            <Unicode>Phurnutus</Unicode>
          </TextEquiv>
        </Word>
        <Word id="region0007_line0014_word0004" custom="readingOrder {index:4;}">
          <Coords points="1069,1411 1070,1437 1105,1436 1104,1407 1074,1407"/>
          <TextEquiv>
            <Unicode>N.</Unicode>
          </TextEquiv>
        </Word>
        <Word id="region0007_line0014_word0005" custom="readingOrder {index:5;}">
          <Coords points="1120,1407 1185,1406 1186,1437 1121,1438"/>
          <TextEquiv>
            <Unicode>DD.</Unicode>
          </TextEquiv>
        </Word>
        <Word id="region0007_line0014_word0006" custom="readingOrder {index:6;}">
          <Coords points="1209,1415 1231,1415 1232,1432 1210,1432"/>
          <TextEquiv conf="0.9089909">
            <Unicode>c.</Unicode>
          </TextEquiv>
        </Word>
        <Word id="region0007_line0014_word0007" custom="readingOrder {index:7;}">
          <Coords points="1270,1412 1253,1412 1250,1445 1295,1445 1298,1413 1279,1415"/>
          <TextEquiv>
            <Unicode>14.</Unicode>
          </TextEquiv>
        </Word>
        <Word id="region0007_line0014_word0008" custom="readingOrder {index:8;}">
          <Coords points="1329,1409 1330,1435 1357,1435 1356,1411 1350,1412"/>
          <TextEquiv>
            <Unicode>p.</Unicode>
          </TextEquiv>
        </Word>
        <Word id="region0007_line0014_word0009" custom="readingOrder {index:9;}">
          <Coords points="1380,1410 1381,1435 1439,1435 1438,1407 1437,1407"/>
          <TextEquiv conf="0.93222433">
            <Unicode>198.</Unicode>
          </TextEquiv>
        </Word>
        <Word id="region0007_line0014_word0010" custom="readingOrder {index:10;}">
          <Coords points="1469,1403 1470,1431 1533,1430 1532,1403 1522,1403 1513,1403 1496,1409 1492,1409 1487,1403"/>
          <TextEquiv conf="0.93302935">
            <Unicode>Gal.</Unicode>
          </TextEquiv>
        </Word>
        <Word id="region0007_line0014_word0011" custom="readingOrder {index:11;}">
          <Coords points="1554,1404 1555,1429 1656,1428 1655,1411 1651,1412 1633,1409 1626,1404 1621,1404 1615,1412 1584,1404"/>
          <TextEquiv>
            <Unicode>Strabo</Unicode>
          </TextEquiv>
        </Word>
        <TextEquiv>
          <Unicode>domicilium, fuit. vid. Phurnutus N. DD. c. 14. p. 198. Gal. Strabo</Unicode>
        </TextEquiv>
      </TextLine>
      <TextLine id="region0007_line0015" custom="readingOrder {index:10;}">
        <Coords points="788,1445 779,1450 764,1450 757,1446 496,1452 496,1485 530,1484 535,1487 546,1485 551,1489 563,1489 570,1493 574,1493 583,1485 593,1489 633,1491 649,1487 655,1493 702,1489 712,1485 761,1485 767,1488 806,1490 814,1485 879,1484 884,1486 898,1484 906,1488 925,1490 1010,1484 1061,1484 1066,1491 1105,1483 1115,1490 1146,1489 1152,1484 1164,1483 1170,1486 1179,1484 1191,1488 1217,1484 1223,1489 1250,1488 1259,1492 1274,1484 1379,1485 1423,1479 1447,1479 1469,1484 1533,1483 1545,1488 1554,1483 1618,1484 1646,1479 1672,1482 1672,1445 1611,1446 1596,1449 1583,1449 1576,1442 1562,1445 1530,1445 1524,1441 1465,1442 1455,1447 1422,1449 1372,1444 1343,1444 1336,1448 1325,1444 1319,1449 1283,1452 1255,1448 1249,1444 1189,1445 1173,1449 1124,1451 1045,1448 1038,1444 1027,1445 1021,1451 997,1451 873,1451 866,1446"/>
        <Word id="region0007_line0015_word0000" custom="readingOrder {index:0;}">
          <Coords points="547,1486 553,1486 553,1462 508,1463 508,1484 530,1484 534,1486 538,1486 546,1485"/>
          <TextEquiv conf="0.9159424">
            <Unicode>14.</Unicode>
          </TextEquiv>
        </Word>
        <Word id="region0007_line0015_word0001" custom="readingOrder {index:1;}">
          <Coords points="597,1489 597,1463 572,1463 572,1490 577,1490 583,1485 593,1489"/>
          <TextEquiv conf="0.85346735">
            <Unicode>p.</Unicode>
          </TextEquiv>
        </Word>
        <Word id="region0007_line0015_word0002" custom="readingOrder {index:2;}">
          <Coords points="650,1488 676,1488 676,1455 614,1456 614,1489 642,1488 649,1487"/>
          <TextEquiv conf="0.93301314">
            <Unicode>683.</Unicode>
          </TextEquiv>
        </Word>
        <Word id="region0007_line0015_word0003" custom="readingOrder {index:3;}">
          <Coords points="700,1453 813,1451 813,1483 700,1485"/>
          <TextEquiv>
            <Unicode>Caſaub.</Unicode>
          </TextEquiv>
        </Word>
        <Word id="region0007_line0015_word0004" custom="readingOrder {index:4;}">
          <Coords points="833,1453 933,1452 933,1482 833,1483"/>
          <TextEquiv>
            <Unicode>Horat.</Unicode>
          </TextEquiv>
        </Word>
        <Word id="region0007_line0015_word0005" custom="readingOrder {index:5;}">
          <Coords points="954,1459 976,1459 976,1476 954,1476"/>
          <TextEquiv conf="0.9514911">
            <Unicode>1.</Unicode>
          </TextEquiv>
        </Word>
        <Word id="region0007_line0015_word0006" custom="readingOrder {index:6;}">
          <Coords points="1043,1447 1024,1447 1021,1451 1001,1451 1001,1479 1047,1478 1047,1448 1045,1448"/>
          <TextEquiv>
            <Unicode>od.</Unicode>
          </TextEquiv>
        </Word>
        <Word id="region0007_line0015_word0007" custom="readingOrder {index:7;}">
          <Coords points="1068,1455 1117,1454 1117,1482 1068,1483"/>
          <TextEquiv conf="0.96572024">
            <Unicode>30,</Unicode>
          </TextEquiv>
        </Word>
        <Word id="region0007_line0015_word0008" custom="readingOrder {index:8;}">
          <Coords points="1152,1457 1173,1456 1173,1475 1152,1476"/>
          <TextEquiv conf="0.8857856">
            <Unicode>1.</Unicode>
          </TextEquiv>
        </Word>
        <Word id="region0007_line0015_word0009" custom="readingOrder {index:9;}">
          <Coords points="1251,1445 1220,1446 1220,1485 1274,1484 1274,1484 1279,1484 1344,1483 1344,1444 1343,1444 1336,1448 1326,1444 1325,1444 1319,1449 1283,1452 1255,1448"/>
          <TextEquiv>
            <Unicode>Etymol.</Unicode>
          </TextEquiv>
        </Word>
        <Word id="region0007_line0015_word0010" custom="readingOrder {index:10;}">
          <Coords points="1395,1446 1367,1447 1367,1477 1410,1476 1410,1447"/>
          <TextEquiv conf="0.929234">
            <Unicode>M.</Unicode>
          </TextEquiv>
        </Word>
        <Word id="region0007_line0015_word0011" custom="readingOrder {index:11;}">
          <Coords points="1434,1452 1459,1451 1459,1475 1434,1476"/>
          <TextEquiv conf="0.90749353">
            <Unicode>v.</Unicode>
          </TextEquiv>
        </Word>
        <Word id="region0007_line0015_word0012" custom="readingOrder {index:12;}">
          <Coords points="1525,1442 1489,1443 1489,1480 1599,1478 1599,1448 1596,1449 1583,1449 1576,1442 1562,1445 1530,1445"/>
          <TextEquiv>
            <Unicode>Παφίη</Unicode>
          </TextEquiv>
        </Word>
        <Word id="region0007_line0015_word0013" custom="readingOrder {index:13;}">
          <Coords points="1629,1449 1658,1449 1658,1470 1629,1470"/>
          <TextEquiv>
            <Unicode>et</Unicode>
          </TextEquiv>
        </Word>
        <TextEquiv>
          <Unicode>14. p. 683. Caſaub. Horat. 1. od. 30, 1. Etymol. M. v. Παφίη et</Unicode>
        </TextEquiv>
      </TextLine>
      <TextLine id="region0007_line0016" custom="readingOrder {index:11;}">
        <Coords points="496,1486 496,1530 509,1531 536,1529 542,1524 550,1523 585,1523 595,1529 621,1529 761,1529 781,1528 787,1524 806,1524 822,1528 929,1530 968,1524 1043,1527 1050,1522 1058,1522 1064,1527 1097,1527 1107,1523 1136,1531 1182,1526 1188,1523 1199,1523 1204,1527 1231,1527 1243,1522 1253,1527 1267,1523 1289,1527 1296,1523 1312,1521 1317,1526 1331,1525 1336,1529 1344,1529 1361,1522 1375,1526 1402,1525 1412,1521 1424,1526 1433,1523 1445,1529 1478,1528 1520,1522 1546,1524 1672,1522 1672,1509 1672,1500 1672,1483 1659,1484 1651,1480 1618,1485 1554,1484 1545,1489 1533,1484 1466,1490 1465,1484 1447,1480 1297,1490 1285,1485 1274,1485 1259,1493 1250,1489 1223,1490 1217,1485 1206,1485 1199,1491 1173,1490 1164,1484 1155,1484 1146,1490 1114,1491 1105,1484 1099,1484 1066,1492 1061,1485 1010,1485 983,1489 924,1491 919,1498 906,1496 901,1486 884,1487 879,1485 768,1491 761,1486 712,1486 701,1491 655,1494 649,1488 633,1492 593,1491 590,1487 583,1486 574,1494 570,1494 563,1490 551,1490 546,1486 535,1488 530,1485"/>
        <Word id="region0007_line0016_word0000" custom="readingOrder {index:0;}">
          <Coords points="568,1493 504,1494 505,1528 537,1527 542,1524 550,1523 585,1523 591,1527 594,1527 593,1493 574,1493 574,1494 570,1494"/>
          <TextEquiv conf="0.898659">
            <Unicode>ſchol.</Unicode>
          </TextEquiv>
        </Word>
        <Word id="region0007_line0016_word0001" custom="readingOrder {index:1;}">
          <Coords points="627,1492 610,1492 611,1523 677,1524 676,1493 668,1492 655,1494 653,1492 634,1492 633,1492"/>
          <TextEquiv conf="0.8516443">
            <Unicode>min.</Unicode>
          </TextEquiv>
        </Word>
        <Word id="region0007_line0016_word0002" custom="readingOrder {index:2;}">
          <Coords points="725,1529 725,1486 712,1486 701,1491 695,1491 695,1529"/>
          <TextEquiv conf="0.96169996">
            <Unicode>ad</Unicode>
          </TextEquiv>
        </Word>
        <Word id="region0007_line0016_word0003" custom="readingOrder {index:3;}">
          <Coords points="729,1494 816,1492 817,1519 730,1521"/>
          <TextEquiv conf="0.9645984">
            <Unicode>Hom.</Unicode>
          </TextEquiv>
        </Word>
        <Word id="region0007_line0016_word0004" custom="readingOrder {index:4;}">
          <Coords points="835,1489 865,1489 866,1520 836,1520"/>
          <TextEquiv conf="0.7758869">
            <Unicode>Il.</Unicode>
          </TextEquiv>
        </Word>
        <Word id="region0007_line0016_word0005" custom="readingOrder {index:5;}">
          <Coords points="902,1488 882,1489 883,1519 905,1519 904,1492"/>
          <TextEquiv>
            <Unicode>έ,</Unicode>
          </TextEquiv>
        </Word>
        <Word id="region0007_line0016_word0006" custom="readingOrder {index:6;}">
          <Coords points="924,1497 986,1496 987,1522 924,1523"/>
          <TextEquiv>
            <Unicode>422.</Unicode>
          </TextEquiv>
        </Word>
        <Word id="region0007_line0016_word0007" custom="readingOrder {index:7;}">
          <Coords points="1061,1485 1026,1486 1027,1518 1112,1517 1111,1488 1106,1485 1094,1485 1066,1492"/>
          <TextEquiv>
            <Unicode>Conf.</Unicode>
          </TextEquiv>
        </Word>
        <Word id="region0007_line0016_word0008" custom="readingOrder {index:8;}">
          <Coords points="1130,1490 1131,1520 1163,1520 1162,1486 1152,1486 1146,1490"/>
          <TextEquiv conf="0.9329916">
            <Unicode>ad</Unicode>
          </TextEquiv>
        </Word>
        <Word id="region0007_line0016_word0009" custom="readingOrder {index:9;}">
          <Coords points="1178,1490 1179,1514 1253,1513 1252,1489 1250,1489 1223,1490 1217,1485 1206,1485 1199,1491"/>
          <TextEquiv conf="0.89900017">
            <Unicode>odar.</Unicode>
          </TextEquiv>
        </Word>
        <Word id="region0007_line0016_word0010" custom="readingOrder {index:10;}">
          <Coords points="1285,1485 1274,1485 1262,1491 1263,1517 1308,1517 1307,1489 1297,1490"/>
          <TextEquiv conf="0.7629376">
            <Unicode>6a,</Unicode>
          </TextEquiv>
        </Word>
        <Word id="region0007_line0016_word0011" custom="readingOrder {index:11;}">
          <Coords points="1320,1488 1321,1515 1379,1515 1378,1485 1372,1485"/>
          <TextEquiv>
            <Unicode>1.6.</Unicode>
          </TextEquiv>
        </Word>
        <Word id="region0007_line0016_word0012" custom="readingOrder {index:12;}">
          <Coords points="1415,1482 1416,1517 1509,1516 1508,1486 1466,1490 1465,1484 1447,1480"/>
          <TextEquiv>
            <Unicode>Ἔχαν</Unicode>
          </TextEquiv>
        </Word>
        <Word id="region0007_line0016_word0013" custom="readingOrder {index:13;}">
          <Coords points="1540,1487 1522,1488 1523,1507 1548,1506 1547,1487 1545,1489"/>
          <TextEquiv conf="0.760004">
            <Unicode>v.</Unicode>
          </TextEquiv>
        </Word>
        <Word id="region0007_line0016_word0014" custom="readingOrder {index:14;}">
          <Coords points="1560,1484 1561,1512 1603,1511 1602,1484"/>
          <TextEquiv conf="0.9322123">
            <Unicode>28.</Unicode>
          </TextEquiv>
        </Word>
        <Word id="region0007_line0016_word0015" custom="readingOrder {index:15;}">
          <Coords points="1620,1484 1621,1508 1661,1508 1660,1483 1659,1484 1651,1480"/>
          <TextEquiv>
            <Unicode>eſt</Unicode>
          </TextEquiv>
        </Word>
        <TextEquiv>
          <Unicode>ſchol. min. ad Hom. Il. έ, 422. Conf. ad odar. 6a, 1.6. Ἔχαν v. 28. eſt</Unicode>
        </TextEquiv>
      </TextLine>
      <TextLine id="region0007_line0017" custom="readingOrder {index:12;}">
        <Coords points="550,1524 542,1525 536,1531 496,1531 496,1564 496,1566 528,1563 545,1574 590,1574 599,1571 606,1564 615,1564 622,1568 675,1563 682,1568 710,1570 722,1565 735,1570 769,1568 780,1564 823,1563 831,1566 888,1564 898,1568 937,1570 947,1574 957,1569 1013,1567 1016,1572 1022,1574 1033,1573 1041,1568 1054,1570 1059,1562 1070,1562 1077,1567 1091,1569 1133,1570 1154,1569 1164,1564 1180,1566 1185,1562 1193,1562 1201,1566 1276,1565 1285,1569 1301,1565 1318,1565 1324,1561 1339,1565 1346,1561 1361,1564 1424,1563 1453,1567 1479,1564 1487,1559 1499,1562 1564,1562 1598,1561 1605,1557 1617,1565 1626,1561 1672,1560 1672,1523 1666,1522 1520,1525 1445,1530 1433,1524 1424,1527 1418,1523 1408,1522 1401,1528 1377,1529 1371,1524 1361,1523 1355,1525 1352,1530 1332,1531 1318,1528 1312,1522 1296,1524 1288,1529 1277,1524 1257,1525 1253,1528 1238,1524 1230,1531 1205,1531 1199,1524 1188,1524 1183,1526 1181,1531 1166,1533 1119,1530 1107,1524 1099,1526 1096,1531 1066,1532 1058,1523 1046,1525 1042,1532 1013,1533 1000,1531 994,1526 974,1525 942,1528 935,1531 815,1531 812,1526 806,1525 787,1525 780,1532 735,1534 642,1530 596,1532 585,1524"/>
        <Word id="region0007_line0017_word0000" custom="readingOrder {index:0;} textStyle {offset:0; length:6;italic:true; fontSize:0.0; kerning:0;}">
          <Coords points="589,1527 539,1527 536,1531 505,1531 505,1565 528,1563 533,1566 594,1566 594,1530"/>
          <TextEquiv>
            <Unicode>noſſe,</Unicode>
          </TextEquiv>
        </Word>
        <Word id="region0007_line0017_word0001" custom="readingOrder {index:1;} textStyle {offset:0; length:7;italic:true; fontSize:0.0; kerning:0;}">
          <Coords points="618,1537 724,1536 724,1561 618,1562"/>
          <TextEquiv conf="0.78990394">
            <Unicode>tenere,</Unicode>
          </TextEquiv>
        </Word>
        <Word id="region0007_line0017_word0002" custom="readingOrder {index:2;} textStyle {offset:0; length:8;italic:true; fontSize:0.0; kerning:0;}">
          <Coords points="812,1527 784,1527 780,1532 748,1533 748,1556 866,1555 866,1531 815,1531"/>
          <TextEquiv conf="0.79838187">
            <Unicode>callere:</Unicode>
          </TextEquiv>
        </Word>
        <Word id="region0007_line0017_word0003" custom="readingOrder {index:3;}">
          <Coords points="891,1534 922,1534 922,1555 891,1555"/>
          <TextEquiv conf="0.93208903">
            <Unicode>vt</Unicode>
          </TextEquiv>
        </Word>
        <Word id="region0007_line0017_word0004" custom="readingOrder {index:4;}">
          <Coords points="939,1529 939,1563 1057,1561 1057,1523 1046,1525 1042,1532 1013,1533 1000,1531 994,1526 974,1525 942,1528"/>
          <TextEquiv>
            <Unicode>Φϑονεϱὴ</Unicode>
          </TextEquiv>
        </Word>
        <Word id="region0007_line0017_word0005" custom="readingOrder {index:5;}">
          <Coords points="1079,1531 1079,1557 1167,1556 1167,1532 1166,1533 1119,1530 1107,1524 1099,1526 1096,1531"/>
          <TextEquiv>
            <Unicode>τέχνη</Unicode>
          </TextEquiv>
        </Word>
        <Word id="region0007_line0017_word0006" custom="readingOrder {index:6;} textStyle {offset:0; length:10;italic:true; fontSize:0.0; kerning:0;}">
          <Coords points="1186,1524 1186,1558 1336,1556 1336,1530 1332,1531 1318,1528 1312,1522 1296,1524 1288,1529 1277,1524 1257,1525 1253,1528 1238,1524 1230,1531 1205,1531 1199,1524 1188,1524"/>
          <TextEquiv>
            <Unicode>inuidioſa,</Unicode>
          </TextEquiv>
        </Word>
        <Word id="region0007_line0017_word0007" custom="readingOrder {index:7;} textStyle {offset:0; length:7;italic:true; fontSize:0.0; kerning:0;}">
          <Coords points="1356,1524 1356,1555 1464,1553 1464,1528 1445,1530 1433,1524 1424,1527 1418,1523 1408,1522 1401,1528 1377,1529 1371,1524 1361,1523"/>
          <TextEquiv conf="0.8483784">
            <Unicode>inuida,</Unicode>
          </TextEquiv>
        </Word>
        <Word id="region0007_line0017_word0008" custom="readingOrder {index:8;} textStyle {offset:0; length:4;italic:true; fontSize:0.0; kerning:0;}">
          <Coords points="1479,1527 1479,1545 1541,1544 1541,1526 1493,1526"/>
          <TextEquiv conf="0.9597588">
            <Unicode>ars:</Unicode>
          </TextEquiv>
        </Word>
        <Word id="region0007_line0017_word0009" custom="readingOrder {index:9;}">
          <Coords points="1563,1524 1563,1544 1592,1544 1592,1524 1568,1524"/>
          <TextEquiv conf="0.9602953">
            <Unicode>et</Unicode>
          </TextEquiv>
        </Word>
        <Word id="region0007_line0017_word0010" custom="readingOrder {index:10;}">
          <Coords points="1610,1523 1610,1551 1659,1551 1659,1523 1617,1523"/>
          <TextEquiv conf="0.95384294">
            <Unicode>per</Unicode>
          </TextEquiv>
        </Word>
        <TextEquiv>
          <Unicode>noſſe, tenere, callere: vt Φϑονεϱὴ τέχνη inuidioſa, inuida, ars: et per</Unicode>
        </TextEquiv>
      </TextLine>
      <TextLine id="region0007_line0018" custom="readingOrder {index:13;}">
        <Coords points="522,1565 517,1568 517,1573 497,1572 497,1602 553,1602 560,1606 607,1607 616,1611 627,1602 634,1602 641,1607 688,1607 693,1603 702,1602 708,1607 742,1607 796,1607 804,1602 811,1602 830,1613 839,1612 847,1605 881,1606 887,1601 898,1601 905,1606 909,1603 919,1603 923,1607 932,1608 969,1607 973,1612 984,1614 993,1604 1040,1601 1063,1606 1091,1607 1102,1600 1112,1600 1124,1608 1139,1601 1149,1601 1155,1605 1172,1604 1180,1599 1192,1599 1196,1602 1216,1599 1226,1604 1237,1604 1244,1599 1254,1599 1260,1603 1316,1602 1324,1598 1388,1598 1400,1605 1448,1601 1452,1598 1461,1601 1530,1601 1537,1596 1559,1600 1573,1595 1592,1595 1600,1600 1616,1601 1645,1600 1651,1595 1673,1599 1673,1562 1626,1563 1617,1566 1605,1558 1598,1562 1531,1564 1501,1565 1496,1561 1487,1560 1479,1565 1453,1568 1447,1566 1408,1568 1398,1565 1364,1566 1356,1562 1346,1562 1341,1566 1324,1562 1318,1566 1300,1567 1293,1570 1277,1566 1202,1568 1193,1563 1185,1563 1179,1568 1164,1565 1154,1570 1078,1571 1070,1563 1059,1563 1054,1571 1022,1575 1000,1572 947,1575 937,1571 897,1570 888,1565 878,1566 874,1571 847,1567 835,1569 823,1564 780,1565 755,1570 735,1571 722,1566 712,1572 684,1574 682,1569 675,1564 657,1565 650,1574 624,1573 622,1569 615,1565 606,1565 599,1572 590,1575 545,1575 528,1564"/>
        <Word id="region0007_line0018_word0000" custom="readingOrder {index:0;}">
          <Coords points="535,1568 517,1568 517,1573 505,1572 506,1597 579,1596 578,1575 545,1575"/>
          <TextEquiv>
            <Unicode>νῶτα</Unicode>
          </TextEquiv>
        </Word>
        <Word id="region0007_line0018_word0001" custom="readingOrder {index:1;}">
          <Coords points="635,1603 697,1602 696,1573 684,1574 682,1569 675,1564 657,1565 650,1574 624,1573 622,1569 615,1565 606,1565 599,1572 596,1572 597,1604 625,1603 627,1602 634,1602"/>
          <TextEquiv>
            <Unicode>ἀμείνω</Unicode>
          </TextEquiv>
        </Word>
        <Word id="region0007_line0018_word0002" custom="readingOrder {index:2;}">
          <Coords points="719,1567 720,1598 813,1596 812,1564 780,1565 755,1570 735,1571 722,1566"/>
          <TextEquiv conf="0.88620484">
            <Unicode>intell.</Unicode>
          </TextEquiv>
        </Word>
        <Word id="region0007_line0018_word0003" custom="readingOrder {index:3;} textStyle {offset:0; length:6;italic:true; fontSize:0.0; kerning:0;}">
          <Coords points="919,1603 938,1603 937,1571 937,1571 897,1570 888,1565 878,1566 874,1571 847,1567 835,1569 830,1567 831,1604 884,1604 887,1601 898,1601 901,1603 909,1603 909,1603 919,1603"/>
          <TextEquiv>
            <Unicode>podex,</Unicode>
          </TextEquiv>
        </Word>
        <Word id="region0007_line0018_word0004" custom="readingOrder {index:4;}">
          <Coords points="956,1574 957,1600 1098,1598 1097,1570 1078,1571 1070,1563 1059,1563 1054,1571 1022,1575 1000,1572"/>
          <TextEquiv>
            <Unicode>πϱωϰτὸς,</Unicode>
          </TextEquiv>
        </Word>
        <Word id="region0007_line0018_word0005" custom="readingOrder {index:5;} textStyle {offset:0; length:8;italic:true; fontSize:0.0; kerning:0;}">
          <Coords points="1116,1570 1117,1596 1245,1594 1244,1566 1202,1568 1193,1563 1185,1563 1179,1568 1164,1565 1154,1570"/>
          <TextEquiv conf="0.7996881">
            <Unicode>pulcher,</Unicode>
          </TextEquiv>
        </Word>
        <Word id="region0007_line0018_word0006" custom="readingOrder {index:6;} textStyle {offset:0; length:8;italic:true; fontSize:0.0; kerning:0;}">
          <Coords points="1264,1566 1265,1594 1399,1592 1398,1565 1398,1565 1364,1566 1356,1562 1346,1562 1341,1566 1324,1562 1318,1566 1300,1567 1293,1570 1277,1566"/>
          <TextEquiv conf="0.8842962">
            <Unicode>tumidus,</Unicode>
          </TextEquiv>
        </Word>
        <Word id="region0007_line0018_word0007" custom="readingOrder {index:7;} textStyle {offset:0; length:7;italic:true; fontSize:0.0; kerning:0;}">
          <Coords points="1415,1567 1416,1592 1537,1590 1536,1563 1531,1564 1501,1565 1496,1561 1487,1560 1479,1565 1453,1568 1447,1566"/>
          <TextEquiv conf="0.9090655">
            <Unicode>amplus,</Unicode>
          </TextEquiv>
        </Word>
        <Word id="region0007_line0018_word0008" custom="readingOrder {index:8;}">
          <Coords points="1559,1563 1560,1584 1591,1584 1590,1563 1564,1563"/>
          <TextEquiv conf="0.8799">
            <Unicode>vt</Unicode>
          </TextEquiv>
        </Word>
        <Word id="region0007_line0018_word0009" custom="readingOrder {index:9;}">
          <Coords points="1605,1558 1606,1586 1661,1586 1660,1562 1626,1563 1617,1566"/>
          <TextEquiv conf="0.92034227">
            <Unicode>iam</Unicode>
          </TextEquiv>
        </Word>
        <TextEquiv>
          <Unicode>νῶτα ἀμείνω intell. podex, πϱωϰτὸς, pulcher, tumidus, amplus, vt iam</Unicode>
        </TextEquiv>
      </TextLine>
      <TextLine id="region0007_line0019" custom="readingOrder {index:14;}">
        <Coords points="497,1603 497,1645 519,1645 528,1640 543,1640 551,1644 601,1643 606,1639 617,1639 623,1643 718,1644 723,1640 733,1640 740,1644 764,1644 769,1647 781,1647 786,1644 828,1643 841,1648 860,1638 867,1638 880,1644 899,1638 907,1643 935,1644 1198,1641 1208,1637 1222,1637 1228,1641 1239,1641 1245,1636 1254,1636 1266,1641 1409,1640 1437,1635 1445,1639 1449,1636 1461,1635 1466,1639 1484,1639 1489,1635 1497,1634 1505,1643 1533,1642 1537,1637 1546,1635 1599,1639 1605,1633 1615,1633 1627,1638 1635,1633 1647,1633 1654,1638 1673,1637 1673,1612 1672,1603 1664,1598 1654,1596 1649,1597 1644,1603 1600,1602 1592,1596 1573,1596 1559,1601 1537,1597 1530,1602 1461,1602 1452,1599 1447,1603 1400,1606 1388,1599 1324,1599 1316,1603 1260,1604 1254,1600 1244,1600 1237,1605 1226,1605 1216,1600 1201,1603 1180,1600 1172,1605 1155,1606 1149,1602 1139,1602 1124,1609 1112,1601 1102,1601 1095,1608 1078,1607 1057,1611 1054,1604 1040,1602 993,1605 984,1615 948,1609 923,1608 919,1604 909,1604 905,1607 898,1602 887,1602 881,1607 850,1607 839,1613 830,1614 811,1603 804,1603 796,1608 742,1608 708,1608 702,1603 693,1604 688,1608 641,1608 634,1603 627,1603 616,1612 607,1608 560,1607 553,1603"/>
        <Word id="region0007_line0019_word0000" custom="readingOrder {index:0;}">
          <Coords points="507,1610 595,1609 595,1639 507,1640"/>
          <TextEquiv conf="0.9320972">
            <Unicode>Faber</Unicode>
          </TextEquiv>
        </Word>
        <Word id="region0007_line0019_word0001" custom="readingOrder {index:1;}">
          <Coords points="639,1606 622,1606 617,1611 617,1636 732,1635 732,1608 708,1608 705,1606 690,1606 688,1608 641,1608"/>
          <TextEquiv conf="0.87377197">
            <Unicode>docuit:</Unicode>
          </TextEquiv>
        </Word>
        <Word id="region0007_line0019_word0002" custom="readingOrder {index:2;}">
          <Coords points="761,1608 762,1640 810,1640 810,1604 802,1604 796,1608"/>
          <TextEquiv conf="0.9328034">
            <Unicode>qui</Unicode>
          </TextEquiv>
        </Word>
        <Word id="region0007_line0019_word0003" custom="readingOrder {index:3;}">
          <Coords points="898,1602 886,1602 881,1607 850,1607 839,1613 835,1613 836,1641 854,1640 860,1638 867,1638 872,1640 891,1640 899,1638 902,1640 931,1640 930,1608 923,1608 919,1604 909,1604 905,1607"/>
          <TextEquiv>
            <Unicode>potius</Unicode>
          </TextEquiv>
        </Word>
        <Word id="region0007_line0019_word0004" custom="readingOrder {index:4;}">
          <Coords points="1048,1603 1008,1603 993,1605 984,1615 952,1609 952,1632 1065,1630 1065,1609 1057,1611 1054,1604"/>
          <TextEquiv>
            <Unicode>ϰαλλίω</Unicode>
          </TextEquiv>
        </Word>
        <Word id="region0007_line0019_word0005" custom="readingOrder {index:5;}">
          <Coords points="1112,1601 1101,1601 1095,1608 1092,1607 1092,1631 1147,1630 1147,1602 1139,1602 1124,1609"/>
          <TextEquiv conf="0.9262711">
            <Unicode>dici</Unicode>
          </TextEquiv>
        </Word>
        <Word id="region0007_line0019_word0006" custom="readingOrder {index:6;}">
          <Coords points="1186,1600 1178,1600 1172,1605 1172,1632 1300,1631 1300,1603 1260,1604 1254,1600 1243,1600 1237,1605 1226,1605 1217,1600 1212,1600 1201,1603"/>
          <TextEquiv>
            <Unicode>debebat.</Unicode>
          </TextEquiv>
        </Word>
        <Word id="region0007_line0019_word0007" custom="readingOrder {index:7;}">
          <Coords points="1341,1599 1341,1627 1393,1626 1393,1601 1388,1599"/>
          <TextEquiv conf="0.9064165">
            <Unicode>Etſi</Unicode>
          </TextEquiv>
        </Word>
        <Word id="region0007_line0019_word0008" custom="readingOrder {index:8;}">
          <Coords points="1417,1604 1417,1625 1493,1624 1493,1602 1461,1602 1452,1599 1447,1603"/>
          <TextEquiv conf="0.93166053">
            <Unicode>enim</Unicode>
          </TextEquiv>
        </Word>
        <Word id="region0007_line0019_word0009" custom="readingOrder {index:9;}">
          <Coords points="1516,1602 1516,1633 1599,1631 1599,1601 1592,1596 1573,1596 1559,1601 1537,1597 1530,1602"/>
          <TextEquiv conf="0.8926947">
            <Unicode>gloſſa</Unicode>
          </TextEquiv>
        </Word>
        <Word id="region0007_line0019_word0010" custom="readingOrder {index:10;}">
          <Coords points="1622,1602 1622,1625 1660,1625 1660,1597 1654,1596 1649,1597 1644,1603"/>
          <TextEquiv>
            <Unicode>τὰ</Unicode>
          </TextEquiv>
        </Word>
        <TextEquiv>
          <Unicode>Faber docuit: qui potius ϰαλλίω dici debebat. Etſi enim gloſſa τὰ</Unicode>
        </TextEquiv>
      </TextLine>
      <TextLine id="region0007_line0020" custom="readingOrder {index:15;}">
        <Coords points="528,1641 520,1645 518,1649 497,1648 497,1682 512,1682 518,1678 529,1677 534,1681 559,1681 565,1676 580,1675 594,1681 644,1679 649,1675 663,1678 676,1674 762,1680 789,1680 799,1674 895,1674 922,1682 936,1683 1075,1674 1136,1673 1144,1678 1168,1678 1177,1673 1187,1673 1194,1677 1254,1674 1260,1679 1268,1678 1272,1673 1325,1677 1333,1673 1344,1673 1350,1677 1374,1674 1383,1683 1388,1683 1395,1676 1435,1677 1441,1670 1452,1670 1459,1676 1477,1676 1485,1671 1499,1675 1544,1674 1557,1670 1566,1674 1606,1670 1615,1675 1624,1675 1630,1671 1641,1671 1646,1675 1673,1674 1673,1638 1654,1639 1648,1634 1636,1634 1627,1639 1616,1634 1606,1634 1599,1640 1546,1636 1537,1638 1533,1643 1505,1644 1498,1635 1476,1641 1466,1640 1461,1636 1449,1637 1445,1640 1438,1636 1409,1641 1266,1642 1255,1637 1246,1637 1239,1642 1228,1642 1222,1638 1208,1638 1198,1642 935,1645 907,1644 900,1639 880,1645 867,1639 860,1639 841,1649 828,1644 786,1645 781,1648 769,1648 764,1645 740,1645 734,1641 724,1641 718,1645 689,1645 623,1644 617,1640 606,1640 601,1644 578,1644 572,1648 552,1648 543,1641"/>
        <Word id="region0007_line0020_word0000" custom="readingOrder {index:0;}">
          <Coords points="551,1647 519,1648 518,1649 508,1649 508,1675 587,1674 587,1647 573,1647 572,1648 552,1648"/>
          <TextEquiv>
            <Unicode>νῶτα·</Unicode>
          </TextEquiv>
        </Word>
        <Word id="region0007_line0020_word0001" custom="readingOrder {index:1;}">
          <Coords points="623,1644 609,1644 609,1674 665,1674 665,1644"/>
          <TextEquiv conf="0.9634729">
            <Unicode>hoc</Unicode>
          </TextEquiv>
        </Word>
        <Word id="region0007_line0020_word0002" custom="readingOrder {index:2;}">
          <Coords points="737,1643 720,1643 718,1645 689,1645 687,1644 687,1674 764,1673 764,1645 740,1645"/>
          <TextEquiv conf="0.93047416">
            <Unicode>enim</Unicode>
          </TextEquiv>
        </Word>
        <Word id="region0007_line0020_word0003" custom="readingOrder {index:3;}">
          <Coords points="868,1639 858,1639 841,1649 828,1644 788,1644 788,1669 916,1667 916,1644 907,1644 900,1639 899,1639 880,1645"/>
          <TextEquiv conf="0.9188172">
            <Unicode>nominis</Unicode>
          </TextEquiv>
        </Word>
        <Word id="region0007_line0020_word0004" custom="readingOrder {index:4;}">
          <Coords points="936,1648 1040,1646 1040,1674 936,1676"/>
          <TextEquiv conf="0.9329757">
            <Unicode>genere</Unicode>
          </TextEquiv>
        </Word>
        <Word id="region0007_line0020_word0005" custom="readingOrder {index:5;}">
          <Coords points="1066,1645 1184,1643 1184,1666 1066,1668"/>
          <TextEquiv conf="0.9058002">
            <Unicode>vtuntur</Unicode>
          </TextEquiv>
        </Word>
        <Word id="region0007_line0020_word0006" custom="readingOrder {index:6;}">
          <Coords points="1203,1639 1204,1672 1354,1670 1353,1641 1266,1642 1255,1637 1246,1637 1239,1642 1228,1642 1222,1638 1208,1638"/>
          <TextEquiv conf="0.8972961">
            <Unicode>ſcriptores</Unicode>
          </TextEquiv>
        </Word>
        <Word id="region0007_line0020_word0007" custom="readingOrder {index:7;}">
          <Coords points="1452,1670 1459,1670 1458,1636 1449,1637 1445,1640 1438,1636 1409,1641 1378,1641 1379,1672 1441,1670 1441,1670 1452,1670"/>
          <TextEquiv conf="0.8957963">
            <Unicode>probi</Unicode>
          </TextEquiv>
        </Word>
        <Word id="region0007_line0020_word0008" custom="readingOrder {index:8;}">
          <Coords points="1483,1639 1484,1659 1518,1659 1517,1643 1505,1644 1498,1635"/>
          <TextEquiv conf="0.9646435">
            <Unicode>de</Unicode>
          </TextEquiv>
        </Word>
        <Word id="region0007_line0020_word0009" custom="readingOrder {index:9;}">
          <Coords points="1537,1637 1538,1660 1661,1659 1660,1638 1654,1639 1648,1634 1636,1634 1627,1639 1616,1634 1606,1634 1599,1640 1546,1636"/>
          <TextEquiv conf="0.9536875">
            <Unicode>hominis</Unicode>
          </TextEquiv>
        </Word>
        <TextEquiv>
          <Unicode>νῶτα· hoc enim nominis genere vtuntur ſcriptores probi de hominis</Unicode>
        </TextEquiv>
      </TextLine>
      <TextLine id="region0007_line0021" custom="readingOrder {index:16;}">
        <Coords points="570,1676 559,1682 534,1682 529,1678 497,1683 497,1713 545,1713 556,1716 566,1711 577,1711 584,1715 601,1714 605,1710 636,1710 643,1715 732,1717 792,1710 799,1715 877,1714 939,1717 956,1712 965,1718 991,1714 1044,1717 1050,1711 1056,1711 1063,1717 1073,1717 1084,1707 1090,1707 1101,1713 1130,1709 1136,1714 1155,1710 1168,1715 1203,1714 1212,1709 1220,1709 1232,1714 1252,1713 1258,1709 1269,1709 1274,1713 1388,1715 1451,1713 1457,1715 1523,1715 1531,1711 1538,1716 1545,1716 1606,1708 1611,1712 1673,1712 1673,1698 1673,1677 1647,1677 1641,1672 1630,1672 1623,1677 1616,1677 1606,1671 1566,1675 1557,1671 1544,1675 1523,1677 1500,1677 1495,1673 1485,1672 1477,1677 1459,1677 1452,1671 1441,1671 1435,1678 1395,1678 1388,1684 1383,1684 1374,1675 1350,1678 1344,1674 1333,1674 1325,1678 1272,1674 1268,1679 1260,1680 1254,1675 1194,1678 1187,1674 1177,1674 1168,1679 1144,1679 1136,1674 1075,1675 936,1684 922,1683 895,1675 799,1675 789,1681 762,1681 676,1675 663,1679 649,1676 644,1680 594,1682 580,1676"/>
        <Word id="region0007_line0021_word0000" custom="readingOrder {index:0;}">
          <Coords points="610,1710 610,1683 509,1685 509,1713 545,1713 549,1714 559,1714 566,1711 577,1711 581,1713 601,1713 605,1710"/>
          <TextEquiv conf="0.909098">
            <Unicode>dorſo:</Unicode>
          </TextEquiv>
        </Word>
        <Word id="region0007_line0021_word0001" custom="readingOrder {index:1;}">
          <Coords points="638,1711 689,1711 689,1682 631,1683 631,1710 636,1710"/>
          <TextEquiv>
            <Unicode>vid.</Unicode>
          </TextEquiv>
        </Word>
        <Word id="region0007_line0021_word0002" custom="readingOrder {index:2;}">
          <Coords points="762,1681 708,1682 709,1714 767,1713 792,1710 795,1712 818,1712 817,1680 790,1680 789,1681"/>
          <TextEquiv conf="0.9221846">
            <Unicode>Herodi</Unicode>
          </TextEquiv>
        </Word>
        <Word id="region0007_line0021_word0003" custom="readingOrder {index:3;}">
          <Coords points="912,1680 831,1681 831,1709 935,1708 935,1683 922,1683"/>
          <TextEquiv conf="0.90538704">
            <Unicode>Philet.</Unicode>
          </TextEquiv>
        </Word>
        <Word id="region0007_line0021_word0004" custom="readingOrder {index:4;}">
          <Coords points="962,1686 990,1686 991,1711 963,1711"/>
          <TextEquiv conf="0.85334104">
            <Unicode>p.</Unicode>
          </TextEquiv>
        </Word>
        <Word id="region0007_line0021_word0005" custom="readingOrder {index:5;}">
          <Coords points="1004,1683 1066,1682 1066,1708 1004,1709"/>
          <TextEquiv conf="0.92775285">
            <Unicode>435.</Unicode>
          </TextEquiv>
        </Word>
        <Word id="region0007_line0021_word0006" custom="readingOrder {index:6;}">
          <Coords points="1138,1675 1105,1676 1105,1705 1190,1704 1190,1675 1188,1675 1174,1675 1168,1679 1144,1679"/>
          <TextEquiv conf="0.8995581">
            <Unicode>Pierſ.</Unicode>
          </TextEquiv>
        </Word>
        <Word id="region0007_line0021_word0007" custom="readingOrder {index:7;}">
          <Coords points="1205,1682 1234,1682 1234,1701 1205,1701"/>
          <TextEquiv conf="0.95981455">
            <Unicode>et</Unicode>
          </TextEquiv>
        </Word>
        <Word id="region0007_line0021_word0008" custom="readingOrder {index:8;}">
          <Coords points="1247,1675 1247,1705 1356,1704 1356,1677 1350,1678 1344,1674 1333,1674 1325,1678 1272,1674 1268,1679 1260,1680 1254,1675"/>
          <TextEquiv conf="0.93223894">
            <Unicode>Moeris</Unicode>
          </TextEquiv>
        </Word>
        <Word id="region0007_line0021_word0009" custom="readingOrder {index:9;}">
          <Coords points="1373,1675 1373,1701 1402,1700 1402,1678 1395,1678 1388,1684 1383,1684 1374,1675"/>
          <TextEquiv conf="0.92141324">
            <Unicode>h.</Unicode>
          </TextEquiv>
        </Word>
        <Word id="region0007_line0021_word0010" custom="readingOrder {index:10;}">
          <Coords points="1419,1678 1419,1703 1463,1702 1463,1677 1459,1677 1452,1671 1441,1671 1435,1678"/>
          <TextEquiv conf="0.23641823">
            <Unicode>v.</Unicode>
          </TextEquiv>
        </Word>
        <Word id="region0007_line0021_word0011" custom="readingOrder {index:11;}">
          <Coords points="1485,1672 1485,1698 1513,1698 1513,1677 1500,1677 1495,1673"/>
          <TextEquiv conf="0.8584229">
            <Unicode>in</Unicode>
          </TextEquiv>
        </Word>
        <Word id="region0007_line0021_word0012" custom="readingOrder {index:12;}">
          <Coords points="1533,1676 1533,1704 1660,1703 1660,1677 1647,1677 1641,1672 1630,1672 1623,1677 1616,1677 1606,1671 1566,1675 1557,1671 1544,1675"/>
          <TextEquiv conf="0.89077544">
            <Unicode>gloſſario</Unicode>
          </TextEquiv>
        </Word>
        <TextEquiv>
          <Unicode>dorſo: vid. Herodi Philet. p. 435. Pierſ. et Moeris h. v. in gloſſario</Unicode>
        </TextEquiv>
      </TextLine>
      <TextLine id="region0007_line0022" custom="readingOrder {index:17;}">
        <Coords points="566,1712 556,1717 545,1714 498,1714 497,1756 563,1753 576,1757 587,1752 595,1752 602,1746 610,1746 624,1752 683,1751 690,1747 709,1746 717,1751 746,1751 757,1755 768,1751 926,1751 931,1747 965,1752 1007,1750 1013,1745 1020,1744 1031,1749 1076,1748 1167,1752 1206,1750 1212,1745 1222,1745 1245,1756 1253,1755 1267,1746 1275,1746 1282,1751 1302,1752 1331,1749 1342,1745 1353,1751 1430,1752 1485,1747 1491,1751 1571,1748 1586,1752 1624,1752 1631,1747 1639,1747 1650,1754 1673,1753 1673,1724 1673,1713 1611,1713 1606,1709 1545,1717 1538,1717 1531,1712 1523,1716 1388,1716 1274,1714 1269,1710 1258,1710 1252,1714 1232,1715 1220,1710 1212,1710 1203,1715 1184,1716 1163,1715 1155,1711 1136,1715 1130,1710 1121,1710 1112,1715 1102,1716 1096,1710 1084,1708 1073,1718 1063,1718 1056,1712 1050,1712 1044,1718 1015,1718 1006,1715 965,1719 956,1713 946,1718 877,1715 799,1716 792,1711 784,1711 762,1716 732,1718 643,1716 636,1711 605,1711 601,1715"/>
        <Word id="region0007_line0022_word0000" custom="readingOrder {index:0;}">
          <Coords points="643,1716 508,1718 508,1755 525,1755 563,1753 566,1754 583,1754 587,1752 595,1752 602,1746 610,1746 624,1752 683,1751 690,1747 692,1747 692,1717 643,1716"/>
          <TextEquiv conf="0.9132391">
            <Unicode>Heſychiano</Unicode>
          </TextEquiv>
        </Word>
        <Word id="region0007_line0022_word0001" custom="readingOrder {index:1;}">
          <Coords points="797,1715 765,1715 762,1716 732,1718 717,1718 717,1751 746,1751 748,1752 767,1751 768,1751 786,1751 854,1750 854,1715 799,1716"/>
          <TextEquiv conf="0.916184">
            <Unicode>explicata</Unicode>
          </TextEquiv>
        </Word>
        <Word id="region0007_line0022_word0002" custom="readingOrder {index:2;}">
          <Coords points="877,1715 877,1745 997,1743 997,1715 965,1719 956,1713 946,1718"/>
          <TextEquiv conf="0.9557201">
            <Unicode>nomine</Unicode>
          </TextEquiv>
        </Word>
        <Word id="region0007_line0022_word0003" custom="readingOrder {index:3;}">
          <Coords points="1017,1718 1017,1740 1056,1739 1056,1712 1050,1712 1044,1718"/>
          <TextEquiv>
            <Unicode>τὰ</Unicode>
          </TextEquiv>
        </Word>
        <Word id="region0007_line0022_word0004" custom="readingOrder {index:4;}">
          <Coords points="1075,1715 1076,1742 1191,1740 1190,1715 1184,1716 1163,1715 1155,1711 1136,1715 1130,1710 1121,1710 1112,1715 1102,1716 1096,1710 1084,1708"/>
          <TextEquiv>
            <Unicode>ὀπίσϑια</Unicode>
          </TextEquiv>
        </Word>
        <Word id="region0007_line0022_word0005" custom="readingOrder {index:5;}">
          <Coords points="1277,1747 1328,1747 1327,1714 1274,1714 1269,1710 1258,1710 1252,1714 1232,1715 1220,1710 1212,1710 1210,1711 1210,1745 1212,1745 1222,1745 1229,1748 1263,1748 1267,1746 1275,1746"/>
          <TextEquiv conf="0.8869329">
            <Unicode>legitur:</Unicode>
          </TextEquiv>
        </Word>
        <Word id="region0007_line0022_word0006" custom="readingOrder {index:6;}">
          <Coords points="1374,1715 1363,1716 1363,1734 1455,1732 1455,1716 1388,1716"/>
          <TextEquiv conf="0.93265206">
            <Unicode>tamen</Unicode>
          </TextEquiv>
        </Word>
        <Word id="region0007_line0022_word0007" custom="readingOrder {index:7;}">
          <Coords points="1478,1716 1478,1733 1565,1732 1564,1714 1545,1717 1538,1717 1531,1712 1523,1716"/>
          <TextEquiv conf="0.88718826">
            <Unicode>multa</Unicode>
          </TextEquiv>
        </Word>
        <Word id="region0007_line0022_word0008" custom="readingOrder {index:8;}">
          <Coords points="1586,1711 1587,1738 1661,1737 1660,1713 1611,1713 1606,1709"/>
          <TextEquiv conf="0.64388955">
            <Unicode>ſunt,</Unicode>
          </TextEquiv>
        </Word>
        <TextEquiv>
          <Unicode>Heſychiano explicata nomine τὰ ὀπίσϑια legitur: tamen multa ſunt,</Unicode>
        </TextEquiv>
      </TextLine>
      <TextLine id="region0007_line0023" custom="readingOrder {index:18;}">
        <Coords points="602,1747 595,1753 587,1753 576,1758 563,1754 497,1757 498,1791 515,1791 530,1798 545,1790 613,1788 653,1793 658,1784 671,1787 686,1784 696,1789 766,1790 772,1790 776,1785 797,1785 802,1789 814,1783 829,1783 835,1787 927,1787 942,1782 950,1787 1070,1788 1088,1786 1107,1777 1118,1789 1141,1786 1220,1787 1228,1790 1239,1787 1326,1787 1333,1782 1341,1782 1348,1787 1373,1789 1401,1788 1408,1783 1415,1783 1422,1792 1453,1789 1469,1791 1674,1789 1673,1754 1650,1755 1639,1748 1631,1748 1624,1753 1586,1753 1571,1749 1491,1752 1485,1748 1465,1748 1455,1752 1365,1754 1353,1752 1342,1746 1331,1750 1307,1753 1282,1752 1275,1747 1267,1747 1253,1756 1245,1757 1222,1746 1212,1746 1206,1751 1167,1753 1076,1749 1031,1750 1025,1746 1018,1745 1007,1751 965,1753 948,1752 942,1748 931,1748 926,1752 768,1752 757,1756 746,1752 717,1752 709,1747 690,1748 683,1752 624,1753 610,1747"/>
        <Word id="region0007_line0023_word0000" custom="readingOrder {index:0;}">
          <Coords points="586,1788 586,1760 513,1761 513,1791 515,1791 519,1792 540,1792 545,1790"/>
          <TextEquiv conf="0.8015383">
            <Unicode>quae</Unicode>
          </TextEquiv>
        </Word>
        <Word id="region0007_line0023_word0001" custom="readingOrder {index:1;}">
          <Coords points="614,1749 602,1749 603,1787 657,1786 658,1784 668,1786 675,1786 686,1784 690,1786 776,1785 776,1785 778,1785 777,1752 768,1752 757,1756 746,1752 717,1752 710,1748 690,1748 690,1748 683,1752 624,1753"/>
          <TextEquiv conf="0.89993334">
            <Unicode>impediant,</Unicode>
          </TextEquiv>
        </Word>
        <Word id="region0007_line0023_word0002" custom="readingOrder {index:2;}">
          <Coords points="804,1759 840,1758 840,1780 804,1781"/>
          <TextEquiv conf="0.9329204">
            <Unicode>ne</Unicode>
          </TextEquiv>
        </Word>
        <Word id="region0007_line0023_word0003" custom="readingOrder {index:3;}">
          <Coords points="942,1748 929,1748 926,1752 862,1752 862,1777 983,1775 983,1752 965,1753 948,1752"/>
          <TextEquiv conf="0.91367394">
            <Unicode>omnino</Unicode>
          </TextEquiv>
        </Word>
        <Word id="region0007_line0023_word0004" custom="readingOrder {index:4;}">
          <Coords points="1022,1745 1016,1745 1008,1750 1008,1778 1043,1777 1043,1749 1031,1750 1025,1746"/>
          <TextEquiv conf="0.9671426">
            <Unicode>de</Unicode>
          </TextEquiv>
        </Word>
        <Word id="region0007_line0023_word0005" custom="readingOrder {index:5;} textStyle {offset:0; length:5;italic:true; fontSize:0.0; kerning:0;}">
          <Coords points="1108,1778 1140,1778 1140,1752 1063,1753 1063,1779 1103,1778 1107,1777"/>
          <TextEquiv conf="0.59564745">
            <Unicode>tergo</Unicode>
          </TextEquiv>
        </Word>
        <Word id="region0007_line0023_word0006" custom="readingOrder {index:6;}">
          <Coords points="1163,1752 1163,1779 1252,1777 1252,1756 1245,1757 1222,1746 1212,1746 1206,1751 1167,1753"/>
          <TextEquiv>
            <Unicode>accipi</Unicode>
          </TextEquiv>
        </Word>
        <Word id="region0007_line0023_word0007" custom="readingOrder {index:7;}">
          <Coords points="1268,1747 1268,1770 1323,1769 1323,1751 1307,1753 1282,1752 1275,1747"/>
          <TextEquiv conf="0.9612205">
            <Unicode>hoc</Unicode>
          </TextEquiv>
        </Word>
        <Word id="region0007_line0023_word0008" custom="readingOrder {index:8;}">
          <Coords points="1338,1747 1338,1771 1403,1770 1403,1753 1365,1754 1353,1752 1342,1746"/>
          <TextEquiv conf="0.9329586">
            <Unicode>loco</Unicode>
          </TextEquiv>
        </Word>
        <Word id="region0007_line0023_word0009" custom="readingOrder {index:9;}">
          <Coords points="1420,1752 1420,1777 1507,1776 1507,1751 1491,1752 1485,1748 1465,1748 1455,1752"/>
          <TextEquiv conf="0.91889846">
            <Unicode>poſſit.</Unicode>
          </TextEquiv>
        </Word>
        <Word id="region0007_line0023_word0010" custom="readingOrder {index:10;}">
          <Coords points="1547,1749 1547,1771 1618,1770 1618,1753 1586,1753 1571,1749"/>
          <TextEquiv conf="0.9659885">
            <Unicode>Nam</Unicode>
          </TextEquiv>
        </Word>
        <Word id="region0007_line0023_word0011" custom="readingOrder {index:11;}">
          <Coords points="1631,1748 1631,1769 1664,1769 1664,1754 1650,1755 1639,1748"/>
          <TextEquiv conf="0.9620757">
            <Unicode>in</Unicode>
          </TextEquiv>
        </Word>
        <TextEquiv>
          <Unicode>quae impediant, ne omnino de tergo accipi hoc loco poſſit. Nam in</Unicode>
        </TextEquiv>
      </TextLine>
      <TextLine id="region0007_line0024" custom="readingOrder {index:19;}">
        <Coords points="658,1785 653,1794 613,1789 545,1791 531,1799 515,1792 498,1792 497,1824 497,1829 549,1829 556,1832 581,1825 586,1828 615,1826 623,1831 633,1831 640,1827 785,1827 796,1826 802,1822 831,1820 839,1825 875,1826 883,1830 900,1825 1001,1828 1009,1821 1018,1821 1031,1828 1039,1829 1054,1821 1069,1819 1077,1824 1190,1823 1194,1820 1208,1820 1216,1824 1255,1824 1264,1828 1272,1828 1276,1819 1283,1819 1291,1824 1327,1823 1332,1819 1343,1819 1348,1824 1361,1825 1382,1821 1393,1825 1424,1826 1429,1822 1441,1822 1446,1826 1457,1826 1525,1828 1536,1832 1544,1832 1550,1825 1557,1825 1562,1829 1592,1830 1598,1826 1673,1826 1674,1823 1674,1790 1469,1792 1453,1790 1422,1793 1417,1790 1415,1784 1408,1784 1401,1789 1373,1790 1348,1788 1341,1783 1333,1783 1326,1788 1239,1788 1228,1791 1220,1788 1133,1787 1118,1790 1107,1778 1094,1783 1087,1789 950,1788 942,1783 927,1788 835,1788 829,1784 814,1784 802,1790 797,1786 776,1786 772,1791 766,1791 696,1790 686,1785 671,1788"/>
        <Word id="region0007_line0024_word0000" custom="readingOrder {index:0;}">
          <Coords points="595,1827 595,1799 511,1800 511,1829 549,1829 550,1829 565,1829 581,1825 586,1828"/>
          <TextEquiv>
            <Unicode>tergo</Unicode>
          </TextEquiv>
        </Word>
        <Word id="region0007_line0024_word0001" custom="readingOrder {index:1;}">
          <Coords points="692,1788 655,1788 653,1794 619,1789 619,1826 734,1825 734,1790 696,1790"/>
          <TextEquiv conf="0.9263139">
            <Unicode>quidem</Unicode>
          </TextEquiv>
        </Word>
        <Word id="region0007_line0024_word0002" custom="readingOrder {index:2;}">
          <Coords points="798,1787 774,1787 772,1791 766,1791 756,1790 756,1817 830,1816 830,1787 807,1787 802,1790"/>
          <TextEquiv conf="0.8962433">
            <Unicode>nihil</Unicode>
          </TextEquiv>
        </Word>
        <Word id="region0007_line0024_word0003" custom="readingOrder {index:3;}">
          <Coords points="944,1784 936,1784 927,1788 852,1788 852,1824 1006,1822 1006,1788 950,1788"/>
          <TextEquiv conf="0.8950207">
            <Unicode>reperitur,</Unicode>
          </TextEquiv>
        </Word>
        <Word id="region0007_line0024_word0004" custom="readingOrder {index:4;}">
          <Coords points="1107,1778 1107,1778 1094,1783 1087,1789 1037,1789 1038,1821 1056,1821 1069,1819 1071,1821 1110,1820 1109,1780"/>
          <TextEquiv>
            <Unicode>quod</Unicode>
          </TextEquiv>
        </Word>
        <Word id="region0007_line0024_word0005" custom="readingOrder {index:5;}">
          <Coords points="1119,1794 1238,1791 1238,1813 1119,1816"/>
          <TextEquiv conf="0.9184788">
            <Unicode>amorem</Unicode>
          </TextEquiv>
        </Word>
        <Word id="region0007_line0024_word0006" custom="readingOrder {index:6;}">
          <Coords points="1265,1788 1265,1818 1341,1817 1341,1783 1333,1783 1326,1788"/>
          <TextEquiv conf="0.9075882">
            <Unicode>pueri</Unicode>
          </TextEquiv>
        </Word>
        <Word id="region0007_line0024_word0007" custom="readingOrder {index:7;}">
          <Coords points="1357,1788 1357,1811 1478,1809 1478,1791 1469,1792 1453,1790 1422,1793 1417,1790 1415,1784 1408,1784 1401,1789 1373,1790"/>
          <TextEquiv conf="0.90698427">
            <Unicode>excitare</Unicode>
          </TextEquiv>
        </Word>
        <Word id="region0007_line0024_word0008" custom="readingOrder {index:8;}">
          <Coords points="1492,1791 1492,1815 1665,1813 1665,1790"/>
          <TextEquiv conf="0.92562747">
            <Unicode>magnopere</Unicode>
          </TextEquiv>
        </Word>
        <TextEquiv>
          <Unicode>tergo quidem nihil reperitur, quod amorem pueri excitare magnopere</Unicode>
        </TextEquiv>
      </TextLine>
      <TextLine id="region0007_line0025" custom="readingOrder {index:20;}">
        <Coords points="824,1821 802,1823 796,1827 786,1828 640,1828 633,1832 623,1832 615,1827 586,1829 581,1826 556,1833 549,1830 497,1830 497,1840 498,1875 529,1873 534,1862 545,1863 549,1860 556,1860 563,1865 599,1865 612,1859 628,1865 703,1868 726,1866 736,1862 761,1865 822,1865 860,1865 865,1861 874,1861 881,1866 903,1864 913,1869 928,1865 972,1864 980,1867 990,1863 1034,1861 1147,1863 1156,1867 1183,1857 1206,1856 1213,1863 1231,1867 1283,1862 1393,1862 1400,1858 1408,1858 1420,1863 1474,1865 1503,1865 1512,1860 1545,1859 1551,1865 1610,1865 1616,1869 1625,1869 1632,1861 1674,1864 1673,1827 1598,1827 1592,1831 1562,1830 1557,1826 1550,1826 1544,1833 1536,1833 1525,1829 1457,1827 1446,1827 1441,1823 1429,1823 1424,1827 1393,1826 1382,1822 1369,1826 1348,1825 1343,1820 1332,1820 1327,1824 1291,1825 1283,1820 1276,1820 1272,1829 1264,1829 1255,1825 1216,1825 1208,1821 1175,1825 1130,1826 1077,1825 1069,1820 1057,1821 1039,1830 1031,1829 1018,1822 1009,1822 1001,1829 934,1826 900,1826 883,1831 875,1827 839,1826 831,1821"/>
        <Word id="region0007_line0025_word0000" custom="readingOrder {index:0;}">
          <Coords points="549,1830 512,1831 513,1872 529,1871 534,1862 545,1863 549,1860 556,1860 563,1865 599,1865 609,1860 609,1829 567,1829 556,1833"/>
          <TextEquiv conf="0.8905629">
            <Unicode>poſſit:</Unicode>
          </TextEquiv>
        </Word>
        <Word id="region0007_line0025_word0001" custom="readingOrder {index:1;}">
          <Coords points="632,1837 662,1837 663,1861 633,1861"/>
          <TextEquiv conf="0.9224672">
            <Unicode>ex</Unicode>
          </TextEquiv>
        </Word>
        <Word id="region0007_line0025_word0002" custom="readingOrder {index:2;}">
          <Coords points="680,1837 748,1836 749,1861 681,1862"/>
          <TextEquiv conf="0.9329537">
            <Unicode>anus</Unicode>
          </TextEquiv>
        </Word>
        <Word id="region0007_line0025_word0003" custom="readingOrder {index:3;}">
          <Coords points="836,1824 799,1824 796,1827 786,1828 766,1828 767,1858 885,1857 884,1830 883,1831 875,1827 839,1826"/>
          <TextEquiv conf="0.9011244">
            <Unicode>rectius,</Unicode>
          </TextEquiv>
        </Word>
        <Word id="region0007_line0025_word0004" custom="readingOrder {index:4;}">
          <Coords points="903,1834 985,1833 986,1861 904,1862"/>
          <TextEquiv conf="0.92218375">
            <Unicode>quam</Unicode>
          </TextEquiv>
        </Word>
        <Word id="region0007_line0025_word0005" custom="readingOrder {index:5;}">
          <Coords points="1019,1823 1008,1823 1001,1829 996,1829 997,1857 1131,1855 1130,1826 1130,1826 1077,1825 1072,1822 1055,1822 1039,1830 1031,1829"/>
          <TextEquiv conf="0.5399485">
            <Unicode>dorſum,</Unicode>
          </TextEquiv>
        </Word>
        <Word id="region0007_line0025_word0006" custom="readingOrder {index:6;}">
          <Coords points="1208,1821 1207,1821 1175,1825 1153,1825 1154,1859 1179,1859 1183,1857 1206,1856 1208,1858 1214,1858 1213,1824"/>
          <TextEquiv conf="0.9330518">
            <Unicode>poſt</Unicode>
          </TextEquiv>
        </Word>
        <Word id="region0007_line0025_word0007" custom="readingOrder {index:7;}">
          <Coords points="1283,1820 1275,1820 1272,1829 1264,1829 1255,1825 1229,1825 1230,1858 1360,1856 1359,1825 1348,1825 1343,1820 1332,1820 1327,1824 1291,1825"/>
          <TextEquiv conf="0.910644">
            <Unicode>pudenda</Unicode>
          </TextEquiv>
        </Word>
        <Word id="region0007_line0025_word0008" custom="readingOrder {index:8;}">
          <Coords points="1376,1823 1377,1850 1516,1848 1516,1828 1457,1827 1446,1827 1441,1823 1429,1823 1424,1827 1393,1826 1382,1822"/>
          <TextEquiv conf="0.9116298">
            <Unicode>laudatur:</Unicode>
          </TextEquiv>
        </Word>
        <Word id="region0007_line0025_word0009" custom="readingOrder {index:9;}">
          <Coords points="1539,1833 1540,1854 1665,1853 1664,1827 1598,1827 1592,1831 1562,1830 1557,1826 1550,1826 1544,1833"/>
          <TextEquiv conf="0.9180821">
            <Unicode>denique</Unicode>
          </TextEquiv>
        </Word>
        <TextEquiv>
          <Unicode>poſſit: ex anus rectius, quam dorſum, poſt pudenda laudatur: denique</Unicode>
        </TextEquiv>
      </TextLine>
      <TextLine id="region0007_line0026" custom="readingOrder {index:21;}">
        <Coords points="549,1861 545,1864 534,1863 529,1874 498,1876 498,1905 542,1905 558,1899 578,1899 584,1903 675,1903 681,1898 689,1898 702,1899 707,1903 714,1903 720,1899 730,1899 735,1904 775,1899 816,1898 825,1905 834,1902 898,1901 905,1904 919,1902 926,1897 934,1897 941,1902 992,1901 999,1896 1020,1896 1028,1903 1044,1905 1063,1895 1117,1894 1123,1899 1173,1902 1223,1901 1228,1897 1237,1896 1245,1900 1307,1902 1362,1901 1369,1896 1375,1896 1389,1902 1404,1895 1413,1895 1419,1900 1429,1901 1540,1901 1565,1904 1617,1901 1622,1905 1628,1902 1674,1902 1674,1865 1659,1866 1653,1862 1632,1862 1625,1870 1616,1870 1610,1866 1551,1866 1545,1860 1512,1861 1503,1866 1474,1866 1420,1864 1408,1859 1400,1859 1393,1863 1246,1864 1231,1868 1213,1864 1206,1857 1183,1858 1175,1864 1156,1868 1147,1864 1093,1863 988,1865 980,1868 972,1865 928,1866 913,1870 903,1865 881,1867 874,1862 865,1862 860,1866 822,1866 761,1866 736,1863 726,1867 703,1869 628,1866 612,1860 599,1866 564,1867 556,1861"/>
        <Word id="region0007_line0026_word0000" custom="readingOrder {index:0;}">
          <Coords points="541,1864 534,1864 529,1874 513,1875 513,1896 649,1894 649,1867 628,1866 619,1862 606,1863 599,1866 564,1867 559,1863 546,1864 545,1864"/>
          <TextEquiv conf="0.8988247">
            <Unicode>cinaedos</Unicode>
          </TextEquiv>
        </Word>
        <Word id="region0007_line0026_word0001" custom="readingOrder {index:1;}">
          <Coords points="739,1863 734,1863 726,1867 703,1869 675,1867 675,1892 781,1891 781,1866 761,1866"/>
          <TextEquiv conf="0.9215322">
            <Unicode>conſtat</Unicode>
          </TextEquiv>
        </Word>
        <Word id="region0007_line0026_word0002" custom="readingOrder {index:2;}">
          <Coords points="874,1862 864,1862 860,1866 822,1866 803,1866 803,1898 876,1897 876,1863"/>
          <TextEquiv conf="0.92432183">
            <Unicode>apud</Unicode>
          </TextEquiv>
        </Word>
        <Word id="region0007_line0026_word0003" custom="readingOrder {index:3;}">
          <Coords points="910,1868 896,1869 896,1892 1008,1891 1008,1868 917,1868 913,1870"/>
          <TextEquiv conf="0.901564">
            <Unicode>veteres</Unicode>
          </TextEquiv>
        </Word>
        <Word id="region0007_line0026_word0004" custom="readingOrder {index:4;}">
          <Coords points="1071,1895 1106,1894 1106,1866 1024,1868 1024,1896 1063,1895 1063,1895"/>
          <TextEquiv conf="0.9659884">
            <Unicode>quam</Unicode>
          </TextEquiv>
        </Word>
        <Word id="region0007_line0026_word0005" custom="readingOrder {index:5;}">
          <Coords points="1120,1863 1120,1890 1239,1889 1239,1865 1231,1868 1213,1864 1206,1857 1183,1858 1175,1864 1156,1868 1147,1864"/>
          <TextEquiv conf="0.932836">
            <Unicode>maxime</Unicode>
          </TextEquiv>
        </Word>
        <Word id="region0007_line0026_word0006" custom="readingOrder {index:6;}">
          <Coords points="1256,1863 1256,1887 1471,1884 1471,1865 1420,1864 1408,1859 1400,1859 1393,1863"/>
          <TextEquiv conf="0.5917176">
            <Unicode>commendatos</Unicode>
          </TextEquiv>
        </Word>
        <Word id="region0007_line0026_word0007" custom="readingOrder {index:7;}">
          <Coords points="1494,1866 1494,1882 1547,1881 1547,1862 1545,1860 1512,1861 1503,1866"/>
          <TextEquiv>
            <Unicode>eſſe</Unicode>
          </TextEquiv>
        </Word>
        <Word id="region0007_line0026_word0008" custom="readingOrder {index:8;}">
          <Coords points="1565,1866 1565,1889 1666,1888 1666,1865 1659,1866 1653,1862 1632,1862 1625,1870 1616,1870 1610,1866"/>
          <TextEquiv conf="0.90832496">
            <Unicode>ampli-</Unicode>
          </TextEquiv>
        </Word>
        <TextEquiv>
          <Unicode>cinaedos conſtat apud veteres quam maxime commendatos eſſe ampli-</Unicode>
        </TextEquiv>
      </TextLine>
      <TextLine id="region0007_line0027" custom="readingOrder {index:22;}">
        <Coords points="558,1900 542,1906 498,1906 498,1940 534,1939 542,1942 592,1941 603,1934 611,1934 618,1940 624,1940 625,1943 634,1946 647,1945 652,1940 751,1941 772,1940 778,1936 788,1936 792,1939 806,1936 857,1939 867,1939 873,1935 897,1934 906,1939 938,1939 945,1935 1033,1933 1054,1937 1061,1933 1073,1933 1080,1937 1128,1937 1132,1934 1144,1934 1151,1938 1170,1939 1182,1943 1195,1939 1287,1940 1335,1933 1370,1934 1376,1944 1387,1943 1397,1937 1425,1938 1433,1943 1442,1943 1450,1939 1500,1939 1516,1936 1571,1934 1604,1934 1611,1937 1644,1935 1651,1939 1674,1939 1674,1932 1674,1917 1674,1903 1628,1903 1622,1906 1617,1902 1559,1903 1549,1907 1536,1904 1462,1905 1420,1904 1413,1896 1404,1896 1395,1904 1386,1904 1375,1897 1369,1897 1361,1903 1342,1900 1256,1902 1245,1901 1237,1897 1228,1898 1223,1902 1173,1903 1123,1900 1117,1895 1063,1896 1044,1906 1034,1906 1020,1897 999,1897 992,1902 941,1903 934,1898 926,1898 918,1904 905,1905 898,1902 834,1903 825,1906 816,1899 775,1900 735,1905 730,1900 707,1904 702,1900 681,1899 675,1904 666,1905 584,1904 578,1900"/>
        <Word id="region0007_line0027_word0000" custom="readingOrder {index:0;}">
          <Coords points="604,1904 543,1905 542,1906 514,1906 514,1939 534,1939 535,1939 596,1938 603,1934 611,1934 615,1938 619,1938 618,1904"/>
          <TextEquiv conf="0.88608366">
            <Unicode>tudine</Unicode>
          </TextEquiv>
        </Word>
        <Word id="region0007_line0027_word0001" custom="readingOrder {index:1;}">
          <Coords points="705,1902 675,1903 675,1904 666,1905 633,1904 634,1941 651,1940 652,1940 677,1940 753,1939 752,1902 735,1905 732,1902 714,1902 707,1904"/>
          <TextEquiv conf="0.9222897">
            <Unicode>podicis.</Unicode>
          </TextEquiv>
        </Word>
        <Word id="region0007_line0027_word0002" custom="readingOrder {index:2;}">
          <Coords points="821,1903 792,1904 793,1932 880,1931 879,1903 832,1903 825,1906"/>
          <TextEquiv conf="0.72789794">
            <Unicode>Certe</Unicode>
          </TextEquiv>
        </Word>
        <Word id="region0007_line0027_word0003" custom="readingOrder {index:3;}">
          <Coords points="936,1899 923,1899 918,1904 910,1904 911,1930 1019,1929 1018,1899 995,1899 992,1902 941,1903"/>
          <TextEquiv conf="0.8425862">
            <Unicode>cinaedi</Unicode>
          </TextEquiv>
        </Word>
        <Word id="region0007_line0027_word0004" custom="readingOrder {index:4;}">
          <Coords points="1053,1901 1054,1927 1118,1926 1117,1897 1059,1897"/>
          <TextEquiv>
            <Unicode>dicti</Unicode>
          </TextEquiv>
        </Word>
        <Word id="region0007_line0027_word0005" custom="readingOrder {index:5;}">
          <Coords points="1147,1901 1148,1934 1328,1931 1327,1900 1256,1902 1245,1901 1237,1897 1228,1898 1223,1902 1173,1903"/>
          <TextEquiv conf="0.9011392">
            <Unicode>reperiuntur</Unicode>
          </TextEquiv>
        </Word>
        <Word id="region0007_line0027_word0006" custom="readingOrder {index:6;}">
          <Coords points="1349,1901 1350,1932 1552,1929 1551,1906 1549,1907 1536,1904 1462,1905 1420,1904 1413,1896 1404,1896 1395,1904 1386,1904 1375,1897 1369,1897 1361,1903"/>
          <TextEquiv>
            <Unicode>εὐϱύπϱωϰτοι,</Unicode>
          </TextEquiv>
        </Word>
        <Word id="region0007_line0027_word0008" custom="readingOrder {index:7;}">
          <Coords points="1579,1902 1580,1920 1666,1919 1665,1903 1628,1903 1622,1906 1617,1902"/>
          <TextEquiv conf="0.9494102">
            <Unicode>etiam</Unicode>
          </TextEquiv>
        </Word>
        <TextEquiv>
          <Unicode>tudine podicis. Certe cinaedi dicti reperiuntur εὐϱύπϱωϰτοι, etiam</Unicode>
        </TextEquiv>
      </TextLine>
      <TextLine id="region0007_line0028" custom="readingOrder {index:23;}">
        <Coords points="603,1935 594,1944 574,1945 544,1945 534,1940 498,1941 498,1980 621,1977 628,1983 634,1983 645,1974 662,1978 682,1973 691,1977 710,1979 715,1974 726,1974 732,1978 812,1979 849,1974 874,1976 889,1972 896,1976 917,1977 925,1981 949,1976 1109,1974 1117,1978 1191,1973 1223,1974 1228,1978 1256,1977 1262,1980 1280,1977 1288,1972 1333,1971 1343,1976 1351,1972 1363,1972 1372,1976 1390,1975 1396,1971 1410,1974 1414,1971 1425,1971 1431,1976 1475,1978 1491,1977 1511,1971 1540,1970 1561,1975 1568,1970 1588,1969 1601,1976 1674,1975 1674,1940 1651,1940 1644,1936 1611,1938 1590,1935 1516,1937 1500,1940 1450,1940 1442,1944 1433,1944 1425,1939 1396,1939 1387,1944 1376,1945 1370,1935 1328,1934 1287,1941 1195,1940 1182,1944 1167,1940 1151,1939 1144,1935 1132,1935 1128,1938 1081,1939 1073,1934 1061,1934 1052,1939 1044,1939 1033,1934 945,1936 937,1941 927,1941 906,1940 897,1935 873,1936 867,1940 806,1937 792,1940 788,1937 778,1937 772,1941 650,1944 634,1947 620,1944 611,1935"/>
        <Word id="word_1646126341730_1095" custom="readingOrder {index:0;}">
          <Coords points="516,1940 601,1936 612,1936 747,1942 747,1974 710,1979 638,1979 516,1970"/>
          <TextEquiv>
            <Unicode>Aλαϰϰόπϱωϰτοι.</Unicode>
          </TextEquiv>
        </Word>
        <Word id="region0007_line0028_word0002" custom="readingOrder {index:1;}">
          <Coords points="789,1938 775,1938 772,1941 761,1941 761,1970 816,1969 816,1938 799,1938 792,1940"/>
          <TextEquiv conf="0.87976336">
            <Unicode>vid.</Unicode>
          </TextEquiv>
        </Word>
        <Word id="region0007_line0028_word0003" custom="readingOrder {index:2;}">
          <Coords points="900,1936 870,1937 867,1940 830,1938 830,1976 834,1975 849,1974 867,1975 876,1975 889,1972 894,1975 971,1974 971,1936 944,1936 937,1941 927,1941 906,1940"/>
          <TextEquiv conf="0.9144795">
            <Unicode>Ariſtoph.</Unicode>
          </TextEquiv>
        </Word>
        <Word id="region0007_line0028_word0004" custom="readingOrder {index:3;}">
          <Coords points="1033,1934 989,1935 989,1971 1210,1968 1210,1940 1195,1940 1182,1944 1167,1940 1151,1939 1144,1935 1132,1935 1128,1938 1081,1939 1073,1934 1062,1934 1060,1934 1052,1939 1044,1939"/>
          <TextEquiv>
            <Unicode>Theſmophorr.</Unicode>
          </TextEquiv>
        </Word>
        <Word id="region0007_line0028_word0005" custom="readingOrder {index:4;}">
          <Coords points="1226,1942 1289,1941 1289,1968 1226,1969"/>
          <TextEquiv conf="0.93302995">
            <Unicode>207.</Unicode>
          </TextEquiv>
        </Word>
        <Word id="region0007_line0028_word0006" custom="readingOrder {index:5;}">
          <Coords points="1318,1935 1318,1962 1460,1960 1460,1940 1450,1940 1442,1944 1433,1944 1425,1939 1396,1939 1387,1944 1376,1945 1370,1935 1328,1934"/>
          <TextEquiv conf="0.9211625">
            <Unicode>Acharnn.</Unicode>
          </TextEquiv>
        </Word>
        <Word id="region0007_line0028_word0007" custom="readingOrder {index:6;}">
          <Coords points="1477,1940 1477,1964 1539,1963 1539,1936 1516,1937 1500,1940"/>
          <TextEquiv conf="0.93305945">
            <Unicode>716.</Unicode>
          </TextEquiv>
        </Word>
        <Word id="region0007_line0028_word0008" custom="readingOrder {index:7;}">
          <Coords points="1568,1935 1568,1960 1666,1959 1666,1940 1651,1940 1644,1936 1611,1938 1590,1935"/>
          <TextEquiv conf="0.89461076">
            <Unicode>Nubb.</Unicode>
          </TextEquiv>
        </Word>
        <TextEquiv>
          <Unicode>Aλαϰϰόπϱωϰτοι. vid. Ariſtoph. Theſmophorr. 207. Acharnn. 716. Nubb.</Unicode>
        </TextEquiv>
      </TextLine>
      <TextLine id="region0007_line0029" custom="readingOrder {index:24;}">
        <Coords points="645,1975 634,1984 628,1984 621,1978 498,1981 499,2017 532,2014 540,2020 591,2021 628,2016 674,2015 682,2011 697,2010 706,2010 713,2015 745,2010 776,2015 795,2010 801,2018 815,2015 884,2015 915,2011 941,2017 991,2009 1005,2011 1008,2014 1026,2011 1032,2015 1045,2017 1058,2015 1062,2011 1076,2013 1085,2009 1090,2013 1103,2009 1111,2014 1134,2009 1153,2018 1167,2016 1172,2011 1183,2011 1188,2015 1193,2011 1199,2011 1212,2017 1228,2018 1257,2016 1264,2011 1310,2010 1331,2014 1354,2014 1365,2019 1378,2013 1394,2012 1402,2006 1409,2006 1416,2012 1443,2012 1465,2007 1482,2014 1573,2008 1586,2010 1592,2014 1607,2014 1618,2020 1644,2015 1675,2015 1675,2015 1673,1981 1607,1981 1588,1970 1568,1971 1560,1978 1540,1971 1511,1972 1491,1978 1475,1979 1431,1977 1425,1972 1414,1972 1410,1975 1396,1972 1390,1976 1351,1973 1343,1977 1333,1972 1288,1973 1270,1981 1239,1979 1229,1984 1223,1975 1191,1974 1117,1979 1109,1975 949,1977 925,1982 917,1978 896,1977 889,1973 874,1977 849,1975 812,1980 732,1979 726,1975 715,1975 710,1980 691,1978 682,1974 662,1979"/>
        <Word id="region0007_line0029_word0000" custom="readingOrder {index:0;}">
          <Coords points="539,2019 598,2019 597,1990 517,1991 517,2015 532,2014"/>
          <TextEquiv conf="0.90629876">
            <Unicode>1333.</Unicode>
          </TextEquiv>
        </Word>
        <Word id="region0007_line0029_word0001" custom="readingOrder {index:1;}">
          <Coords points="746,2010 760,2010 759,1981 638,1983 639,2012 681,2011 682,2011 697,2010 706,2010 707,2011 743,2010 745,2010"/>
          <TextEquiv conf="0.90900934">
            <Unicode>Eubulus</Unicode>
          </TextEquiv>
        </Word>
        <Word id="region0007_line0029_word0002" custom="readingOrder {index:2;}">
          <Coords points="825,2015 824,1989 781,1990 781,2013 795,2010 799,2015 813,2015 815,2015"/>
          <TextEquiv>
            <Unicode>ap.</Unicode>
          </TextEquiv>
        </Word>
        <Word id="region0007_line0029_word0003" custom="readingOrder {index:3;}">
          <Coords points="919,1979 840,1980 841,2012 912,2011 915,2011 916,2011 948,2011 947,1979 939,1979 925,1982"/>
          <TextEquiv conf="0.75618035">
            <Unicode>Athen.</Unicode>
          </TextEquiv>
        </Word>
        <Word id="region0007_line0029_word0004" custom="readingOrder {index:4;}">
          <Coords points="973,1986 1002,1986 1003,2007 974,2007"/>
          <TextEquiv conf="0.9271638">
            <Unicode>1,</Unicode>
          </TextEquiv>
        </Word>
        <Word id="region0007_line0029_word0005" custom="readingOrder {index:5;}">
          <Coords points="1064,2011 1064,1982 1024,1983 1024,2011 1026,2011 1028,2012 1060,2012 1062,2011"/>
          <TextEquiv conf="0.6932747">
            <Unicode>19.</Unicode>
          </TextEquiv>
        </Word>
        <Word id="region0007_line0029_word0006" custom="readingOrder {index:6;}">
          <Coords points="1087,1982 1114,1981 1115,2007 1088,2008"/>
          <TextEquiv>
            <Unicode>p.</Unicode>
          </TextEquiv>
        </Word>
        <Word id="region0007_line0029_word0007" custom="readingOrder {index:7;}">
          <Coords points="1132,1983 1175,1982 1176,2008 1133,2009"/>
          <TextEquiv conf="0.9245674">
            <Unicode>25.</Unicode>
          </TextEquiv>
        </Word>
        <Word id="region0007_line0029_word0008" custom="readingOrder {index:8;}">
          <Coords points="1223,1976 1194,1976 1195,2008 1234,2008 1233,1981 1229,1984"/>
          <TextEquiv>
            <Unicode>C,</Unicode>
          </TextEquiv>
        </Word>
        <Word id="region0007_line0029_word0009" custom="readingOrder {index:9;}">
          <Coords points="1255,1983 1284,1983 1285,2003 1256,2003"/>
          <TextEquiv conf="0.9317273">
            <Unicode>et</Unicode>
          </TextEquiv>
        </Word>
        <Word id="region0007_line0029_word0010" custom="readingOrder {index:10;}">
          <Coords points="1333,1972 1301,1973 1301,2010 1310,2010 1318,2011 1396,2010 1402,2006 1409,2006 1413,2009 1455,2009 1459,2008 1459,1978 1431,1977 1425,1972 1414,1972 1410,1975 1396,1972 1390,1976 1351,1973 1343,1977"/>
          <TextEquiv>
            <Unicode>Heſychius</Unicode>
          </TextEquiv>
        </Word>
        <Word id="region0007_line0029_word0011" custom="readingOrder {index:11;}">
          <Coords points="1475,1981 1502,1981 1503,2003 1476,2003"/>
          <TextEquiv conf="0.8669616">
            <Unicode>v.</Unicode>
          </TextEquiv>
        </Word>
        <Word id="region0007_line0029_word0012" custom="readingOrder {index:12;}">
          <Coords points="1580,2009 1669,2008 1668,1981 1607,1981 1588,1970 1568,1971 1560,1978 1540,1971 1519,1971 1520,2010 1548,2009 1573,2008"/>
          <TextEquiv>
            <Unicode>Θεόδωϱος.</Unicode>
          </TextEquiv>
        </Word>
        <TextEquiv>
          <Unicode>1333. Eubulus ap. Athen. 1, 19. p. 25. C, et Heſychius v. Θεόδωϱος.</Unicode>
        </TextEquiv>
      </TextLine>
      <TextLine id="region0007_line0030" custom="readingOrder {index:25;}">
        <Coords points="697,2011 682,2012 674,2016 628,2017 591,2022 540,2021 532,2015 499,2018 498,2053 498,2059 556,2056 562,2059 575,2059 583,2055 627,2048 635,2052 640,2049 686,2048 692,2053 702,2048 731,2050 738,2054 811,2052 823,2044 832,2044 867,2051 887,2050 893,2046 903,2046 914,2055 940,2051 959,2051 966,2047 974,2047 983,2054 993,2054 996,2051 1030,2050 1033,2054 1043,2056 1060,2051 1076,2052 1084,2049 1143,2048 1150,2052 1152,2058 1163,2058 1169,2053 1192,2053 1197,2050 1209,2050 1217,2054 1232,2054 1248,2061 1272,2062 1267,2050 1287,2046 1303,2057 1304,2052 1369,2052 1374,2049 1385,2048 1389,2051 1417,2051 1424,2050 1429,2045 1439,2045 1452,2056 1459,2057 1473,2051 1496,2051 1499,2056 1508,2057 1519,2045 1527,2043 1541,2050 1593,2054 1639,2052 1646,2057 1674,2057 1675,2016 1644,2016 1618,2021 1607,2015 1592,2015 1586,2011 1573,2009 1482,2015 1465,2008 1443,2013 1416,2013 1409,2007 1402,2007 1394,2013 1376,2015 1365,2020 1354,2015 1331,2015 1310,2011 1264,2012 1257,2017 1228,2019 1212,2018 1199,2012 1193,2012 1188,2016 1183,2012 1172,2012 1167,2017 1153,2019 1134,2010 1111,2015 1103,2010 1090,2014 1082,2010 1076,2014 1062,2012 1058,2016 1045,2018 1032,2016 1026,2012 1008,2015 1005,2012 991,2010 941,2018 915,2012 884,2016 815,2016 801,2019 795,2011 776,2016 745,2011 713,2016 706,2011"/>
        <Word id="region0007_line0030_word0000" custom="readingOrder {index:0;}">
          <Coords points="612,2050 612,2022 513,2024 513,2058 556,2056 560,2058 577,2057 583,2055"/>
          <TextEquiv conf="0.92483324">
            <Unicode>Atque</Unicode>
          </TextEquiv>
        </Word>
        <Word id="region0007_line0030_word0001" custom="readingOrder {index:1;}">
          <Coords points="663,2048 663,2030 628,2030 628,2048 635,2052 640,2049"/>
          <TextEquiv conf="0.9183063">
            <Unicode>eo</Unicode>
          </TextEquiv>
        </Word>
        <Word id="region0007_line0030_word0002" custom="readingOrder {index:2;}">
          <Coords points="799,2017 678,2018 678,2048 686,2048 692,2053 702,2048 731,2050 738,2054 811,2052 813,2050 813,2017 810,2017 801,2019"/>
          <TextEquiv>
            <Unicode>ſpectauit</Unicode>
          </TextEquiv>
        </Word>
        <Word id="region0007_line0030_word0003" custom="readingOrder {index:3;}">
          <Coords points="842,2046 880,2046 880,2027 827,2027 827,2044 832,2044"/>
          <TextEquiv conf="0.9322184">
            <Unicode>vox</Unicode>
          </TextEquiv>
        </Word>
        <Word id="region0007_line0030_word0004" custom="readingOrder {index:4;}">
          <Coords points="931,2015 897,2016 897,2046 903,2046 908,2050 959,2050 966,2047 974,2047 978,2050 1027,2050 1027,2015 956,2015 941,2018"/>
          <TextEquiv>
            <Unicode>Arceſilai</Unicode>
          </TextEquiv>
        </Word>
        <Word id="region0007_line0030_word0005" custom="readingOrder {index:5;}">
          <Coords points="1073,2014 1060,2014 1058,2016 1045,2018 1041,2017 1041,2052 1057,2052 1060,2051 1070,2052 1077,2052 1084,2049 1143,2048 1148,2051 1197,2050 1197,2050 1201,2050 1201,2013 1199,2012 1193,2012 1188,2016 1183,2012 1172,2012 1167,2017 1153,2019 1140,2013 1120,2013 1111,2015 1108,2013 1092,2013 1090,2014 1089,2013 1077,2014 1076,2014"/>
          <TextEquiv>
            <Unicode>philoſophi</Unicode>
          </TextEquiv>
        </Word>
        <Word id="region0007_line0030_word0006" custom="readingOrder {index:6;}">
          <Coords points="1224,2022 1267,2021 1267,2049 1224,2050"/>
          <TextEquiv conf="0.9625606">
            <Unicode>ap.</Unicode>
          </TextEquiv>
        </Word>
        <Word id="region0007_line0030_word0007" custom="readingOrder {index:7;}">
          <Coords points="1428,2046 1428,2013 1416,2013 1409,2007 1402,2007 1394,2013 1376,2015 1365,2020 1354,2015 1331,2015 1310,2011 1288,2011 1288,2055 1303,2054 1304,2052 1369,2052 1374,2049 1385,2048 1389,2051 1417,2051 1424,2050"/>
          <TextEquiv conf="0.95656973">
            <Unicode>Plutarch.</Unicode>
          </TextEquiv>
        </Word>
        <Word id="region0007_line0030_word0008" custom="readingOrder {index:8;}">
          <Coords points="1532,2045 1573,2045 1573,2009 1482,2015 1465,2008 1446,2012 1446,2047 1518,2045 1519,2045 1527,2043"/>
          <TextEquiv conf="0.17141342">
            <Unicode>ſympoſſ.</Unicode>
          </TextEquiv>
        </Word>
        <Word id="region0007_line0030_word0009" custom="readingOrder {index:9;}">
          <Coords points="1611,2017 1591,2018 1591,2043 1616,2042 1616,2019"/>
          <TextEquiv conf="0.8970215">
            <Unicode>7,</Unicode>
          </TextEquiv>
        </Word>
        <Word id="region0007_line0030_word0010" custom="readingOrder {index:10;}">
          <Coords points="1641,2016 1641,2040 1666,2040 1666,2016 1644,2016"/>
          <TextEquiv conf="0.9227044">
            <Unicode>5.</Unicode>
          </TextEquiv>
        </Word>
        <TextEquiv>
          <Unicode>Atque eo ſpectauit vox Arceſilai philoſophi ap. Plutarch. ſympoſſ. 7, 5.</Unicode>
        </TextEquiv>
      </TextLine>
      <TextLine id="region0007_line0031" custom="readingOrder {index:26;}">
        <Coords points="823,2045 815,2055 738,2055 731,2051 703,2049 695,2054 689,2053 686,2049 640,2050 635,2053 629,2049 583,2056 575,2060 562,2060 556,2057 498,2059 498,2068 499,2101 527,2102 549,2097 568,2099 592,2088 604,2087 610,2092 756,2091 765,2086 801,2089 806,2085 815,2084 838,2084 845,2088 933,2090 942,2094 965,2090 972,2096 993,2088 1020,2090 1034,2084 1041,2089 1084,2088 1237,2094 1258,2091 1268,2087 1281,2088 1285,2091 1310,2090 1316,2092 1333,2086 1417,2085 1423,2089 1432,2085 1442,2085 1449,2090 1480,2091 1505,2091 1541,2085 1559,2086 1567,2091 1609,2090 1616,2086 1624,2086 1627,2090 1642,2093 1645,2090 1675,2089 1674,2059 1646,2058 1639,2053 1536,2054 1527,2044 1519,2046 1519,2049 1508,2058 1475,2055 1459,2058 1452,2057 1439,2046 1429,2046 1423,2055 1415,2056 1390,2056 1385,2049 1374,2050 1366,2057 1304,2057 1284,2050 1267,2053 1261,2062 1248,2062 1209,2051 1197,2051 1190,2056 1163,2059 1152,2059 1149,2052 1143,2049 1084,2050 1043,2057 1024,2055 983,2055 974,2048 966,2048 959,2052 940,2052 914,2056 903,2047 893,2047 886,2056 869,2056 868,2052 861,2049"/>
        <Word id="region0007_line0031_word0000" custom="readingOrder {index:0;}">
          <Coords points="516,2065 546,2064 547,2093 517,2094"/>
          <TextEquiv conf="0.9261859">
            <Unicode>p.</Unicode>
          </TextEquiv>
        </Word>
        <Word id="region0007_line0031_word0001" custom="readingOrder {index:1;}">
          <Coords points="608,2090 632,2090 631,2054 592,2054 583,2056 575,2060 562,2060 563,2091 586,2090 592,2088 604,2087"/>
          <TextEquiv conf="0.86027884">
            <Unicode>705.</Unicode>
          </TextEquiv>
        </Word>
        <Word id="region0007_line0031_word0002" custom="readingOrder {index:2;}">
          <Coords points="644,2057 672,2057 673,2087 645,2087"/>
          <TextEquiv conf="0.75732267">
            <Unicode>E.</Unicode>
          </TextEquiv>
        </Word>
        <Word id="region0007_line0031_word0003" custom="readingOrder {index:3;}">
          <Coords points="684,2056 741,2056 742,2086 685,2086"/>
          <TextEquiv>
            <Unicode>To.</Unicode>
          </TextEquiv>
        </Word>
        <Word id="region0007_line0031_word0004" custom="readingOrder {index:4;}">
          <Coords points="759,2064 784,2064 785,2082 760,2082"/>
          <TextEquiv conf="0.93940836">
            <Unicode>2.</Unicode>
          </TextEquiv>
        </Word>
        <Word id="region0007_line0031_word0005" custom="readingOrder {index:5;}">
          <Coords points="854,2048 819,2048 815,2055 812,2055 813,2081 874,2080 873,2056 869,2056 868,2052 861,2049"/>
          <TextEquiv>
            <Unicode>ȣδὲν</Unicode>
          </TextEquiv>
        </Word>
        <Word id="word_1646126647383_1236" custom="readingOrder {index:6;}">
          <Coords points="892,2048 904,2048 974,2048 1010,2055 1032,2067 1032,2079 1010,2089 984,2091 944,2092 891,2079 890,2050"/>
          <TextEquiv>
            <Unicode>διαφέϱα,</Unicode>
          </TextEquiv>
        </Word>
        <Word id="region0007_line0031_word0009" custom="readingOrder {index:7;}">
          <Coords points="1058,2054 1059,2076 1114,2075 1113,2050 1080,2050"/>
          <TextEquiv>
            <Unicode>τοῖς</Unicode>
          </TextEquiv>
        </Word>
        <Word id="word_1646127385043_1299" custom="readingOrder {index:8;}">
          <Coords points="1133,2054 1142,2054 1208,2056 1241,2065 1242,2082 1203,2083 1134,2083"/>
          <TextEquiv>
            <Unicode>ὄπισϑεν</Unicode>
          </TextEquiv>
        </Word>
        <Word id="region0007_line0031_word0012" custom="readingOrder {index:9;}">
          <Coords points="1264,2062 1265,2081 1329,2080 1328,2057 1304,2057 1294,2063 1278,2051 1273,2048"/>
          <TextEquiv>
            <Unicode>ἆναϳ</Unicode>
          </TextEquiv>
        </Word>
        <Word id="region0007_line0031_word0013" custom="readingOrder {index:10;}">
          <Coords points="1350,2062 1351,2078 1487,2080 1486,2065 1459,2063 1452,2062 1439,2051 1429,2051 1423,2060 1415,2061 1390,2061 1385,2054 1374,2055 1366,2062"/>
          <TextEquiv>
            <Unicode>ϰίναιδον,</Unicode>
          </TextEquiv>
        </Word>
        <Word id="region0007_line0031_word0014" custom="readingOrder {index:11;}">
          <Coords points="1513,2053 1514,2073 1529,2072 1528,2045 1527,2044 1519,2046 1519,2049"/>
          <TextEquiv>
            <Unicode>ἢ</Unicode>
          </TextEquiv>
        </Word>
        <Word id="region0007_line0031_word0015" custom="readingOrder {index:12;}">
          <Coords points="1543,2059 1544,2077 1597,2077 1596,2059"/>
          <TextEquiv>
            <Unicode>τοῖς</Unicode>
          </TextEquiv>
        </Word>
        <Word id="region0007_line0031_word0016" custom="readingOrder {index:13;}">
          <Coords points="1620,2053 1621,2077 1670,2076 1669,2058 1646,2058 1639,2053"/>
          <TextEquiv>
            <Unicode>ἔμ-</Unicode>
          </TextEquiv>
        </Word>
        <TextEquiv>
          <Unicode>p. 705. E. To. 2. ȣδὲν διαφέϱα, τοῖς ὄπισϑεν ἆναϳ ϰίναιδον, ἢ τοῖς ἔμ-</Unicode>
        </TextEquiv>
      </TextLine>
      <TextLine id="region0007_line0032" custom="readingOrder {index:27;}">
        <Coords points="809,2085 800,2091 788,2087 765,2087 756,2092 634,2095 592,2089 584,2095 568,2100 552,2098 527,2103 499,2102 499,2133 530,2134 537,2139 545,2140 558,2133 583,2133 591,2128 601,2128 606,2131 622,2127 660,2129 673,2133 678,2133 686,2125 698,2129 749,2128 766,2123 781,2127 820,2122 828,2125 845,2123 851,2127 881,2130 931,2128 939,2123 954,2123 963,2126 979,2126 987,2122 996,2122 1003,2126 1052,2121 1060,2125 1093,2127 1108,2133 1115,2133 1120,2129 1143,2133 1185,2129 1214,2132 1218,2128 1231,2127 1237,2131 1274,2127 1291,2132 1330,2132 1349,2125 1398,2123 1403,2127 1499,2126 1507,2134 1520,2134 1527,2130 1556,2130 1564,2126 1573,2126 1585,2133 1595,2129 1675,2128 1675,2091 1642,2094 1627,2091 1624,2087 1616,2087 1608,2092 1568,2093 1559,2087 1541,2086 1505,2092 1480,2092 1450,2092 1442,2086 1432,2086 1425,2092 1417,2086 1333,2087 1319,2093 1308,2091 1304,2095 1299,2091 1285,2092 1281,2089 1268,2088 1258,2092 1237,2095 1112,2089 1041,2090 1037,2086 1029,2086 1020,2091 992,2090 972,2097 965,2091 942,2095 933,2091 845,2089 838,2085"/>
        <Word id="word_1646127678133_1419" custom="readingOrder {index:0;}">
          <Coords points="540,2100 587,2092 615,2092 646,2094 646,2128 583,2133 540,2135 511,2131 517,2106"/>
          <TextEquiv>
            <Unicode>πϱοσϑτεν·</Unicode>
          </TextEquiv>
        </Word>
        <Word id="region0007_line0032_word0002" custom="readingOrder {index:1;}">
          <Coords points="695,2128 750,2127 750,2100 668,2102 668,2129 682,2128 686,2125"/>
          <TextEquiv conf="0.9015014">
            <Unicode>quam</Unicode>
          </TextEquiv>
        </Word>
        <Word id="region0007_line0032_word0003" custom="readingOrder {index:2;}">
          <Coords points="796,2090 761,2090 761,2124 766,2123 776,2126 792,2126 820,2122 828,2125 845,2123 848,2125 871,2124 871,2090 845,2089 802,2089 800,2091"/>
          <TextEquiv conf="0.88603735">
            <Unicode>Gellius</Unicode>
          </TextEquiv>
        </Word>
        <Word id="region0007_line0032_word0004" custom="readingOrder {index:3;}">
          <Coords points="909,2128 909,2090 882,2089 882,2129"/>
          <TextEquiv conf="0.90889215">
            <Unicode>3,</Unicode>
          </TextEquiv>
        </Word>
        <Word id="region0007_line0032_word0005" custom="readingOrder {index:4;}">
          <Coords points="928,2098 949,2098 949,2122 928,2122"/>
          <TextEquiv conf="0.92747843">
            <Unicode>5.</Unicode>
          </TextEquiv>
        </Word>
        <Word id="region0007_line0032_word0006" custom="readingOrder {index:5;}">
          <Coords points="971,2096 971,2115 1010,2115 1010,2096 974,2096 972,2097"/>
          <TextEquiv>
            <Unicode>ita</Unicode>
          </TextEquiv>
        </Word>
        <Word id="region0007_line0032_word0007" custom="readingOrder {index:6;}">
          <Coords points="1037,2086 1027,2086 1025,2088 1025,2123 1052,2121 1057,2123 1227,2121 1227,2094 1112,2089 1041,2090"/>
          <TextEquiv conf="0.856705">
            <Unicode>interpretatus</Unicode>
          </TextEquiv>
        </Word>
        <Word id="region0007_line0032_word0008" custom="readingOrder {index:7;}">
          <Coords points="1245,2093 1245,2123 1299,2123 1299,2091 1285,2092 1281,2089 1268,2088 1258,2092"/>
          <TextEquiv conf="0.9472084">
            <Unicode>eſt,</Unicode>
          </TextEquiv>
        </Word>
        <Word id="region0007_line0032_word0009" custom="readingOrder {index:8;} textStyle {offset:0; length:5;italic:true; fontSize:0.0; kerning:0;}">
          <Coords points="1328,2089 1328,2120 1415,2119 1415,2086 1333,2087"/>
          <TextEquiv conf="0.89964956">
            <Unicode>Nihil</Unicode>
          </TextEquiv>
        </Word>
        <Word id="region0007_line0032_word0010" custom="readingOrder {index:9;} textStyle {offset:0; length:9;italic:true; fontSize:0.0; kerning:0;}">
          <Coords points="1430,2087 1430,2121 1557,2119 1557,2086 1541,2086 1505,2092 1480,2092 1450,2092 1442,2086 1432,2086"/>
          <TextEquiv conf="0.8169722">
            <Unicode>intereſt,</Unicode>
          </TextEquiv>
        </Word>
        <Word id="region0007_line0032_word0011" custom="readingOrder {index:10;} textStyle {offset:0; length:6;italic:true; fontSize:0.0; kerning:0;}">
          <Coords points="1576,2092 1576,2117 1670,2115 1670,2091 1642,2094 1627,2091 1624,2087 1616,2087 1608,2092"/>
          <TextEquiv conf="0.93684745">
            <Unicode>quibus</Unicode>
          </TextEquiv>
        </Word>
        <TextEquiv>
          <Unicode>πϱοσϑτεν· quam Gellius 3, 5. ita interpretatus eſt, Nihil intereſt, quibus</Unicode>
        </TextEquiv>
      </TextLine>
      <TextLine id="region0007_line0033" custom="readingOrder {index:28;}">
        <Coords points="766,2124 753,2126 748,2130 699,2132 692,2126 686,2126 678,2134 640,2133 636,2128 622,2128 615,2133 607,2133 601,2129 591,2129 580,2135 557,2135 545,2141 538,2140 531,2135 499,2136 499,2173 523,2175 541,2171 549,2166 557,2166 563,2170 580,2170 586,2166 599,2165 608,2165 613,2169 687,2170 713,2167 771,2166 792,2169 798,2163 810,2166 831,2163 900,2167 914,2163 920,2156 926,2156 927,2162 934,2166 959,2163 965,2159 975,2159 981,2163 1001,2159 1007,2163 1075,2165 1101,2161 1106,2165 1145,2167 1173,2162 1177,2172 1192,2172 1199,2167 1208,2166 1394,2166 1400,2162 1409,2162 1415,2166 1451,2167 1471,2166 1490,2162 1499,2167 1530,2166 1537,2162 1584,2162 1594,2168 1675,2167 1675,2129 1595,2130 1585,2134 1573,2127 1564,2127 1556,2131 1527,2130 1520,2135 1507,2135 1500,2130 1403,2128 1398,2124 1349,2126 1330,2133 1291,2133 1274,2128 1237,2132 1231,2128 1218,2129 1214,2133 1193,2130 1143,2134 1132,2131 1108,2134 1093,2128 1064,2128 1052,2122 1031,2122 1024,2127 1003,2127 996,2123 963,2127 954,2124 939,2124 931,2129 881,2131 851,2128 845,2124 828,2126 808,2124 797,2129 782,2129 777,2125"/>
        <Word id="region0007_line0033_word0000" custom="readingOrder {index:0;} textStyle {offset:0; length:7;italic:true; fontSize:0.0; kerning:0;}">
          <Coords points="603,2130 587,2130 580,2135 557,2135 545,2141 538,2140 531,2135 516,2135 517,2166 645,2164 644,2133 640,2133 637,2130 618,2130 615,2133 607,2133"/>
          <TextEquiv conf="0.9142804">
            <Unicode>membris</Unicode>
          </TextEquiv>
        </Word>
        <Word id="region0007_line0033_word0001" custom="readingOrder {index:1;} textStyle {offset:0; length:7;italic:true; fontSize:0.0; kerning:0;}">
          <Coords points="697,2130 681,2131 678,2134 663,2134 664,2164 774,2162 773,2129 749,2129 748,2130 699,2132"/>
          <TextEquiv>
            <Unicode>cinaedi</Unicode>
          </TextEquiv>
        </Word>
        <Word id="region0007_line0033_word0002" custom="readingOrder {index:2;} textStyle {offset:0; length:6;italic:true; fontSize:0.0; kerning:0;}">
          <Coords points="853,2128 797,2129 797,2129 788,2129 789,2164 797,2164 798,2163 801,2164 827,2164 831,2163 838,2163 871,2163 870,2130"/>
          <TextEquiv conf="0.89392334">
            <Unicode>ſitis,</Unicode>
          </TextEquiv>
        </Word>
        <Word id="region0007_line0033_word0003" custom="readingOrder {index:3;} textStyle {offset:0; length:14;italic:true; fontSize:0.0; kerning:0;}">
          <Coords points="958,2125 936,2125 931,2129 892,2130 893,2163 914,2162 920,2156 926,2156 927,2162 927,2162 960,2162 965,2159 975,2159 979,2161 987,2161 1001,2159 1004,2161 1101,2160 1100,2130 1093,2128 1064,2128 1056,2124 1027,2124 1024,2127 1003,2127 999,2124 978,2125 963,2127"/>
          <TextEquiv>
            <Unicode>poſterioribus,</Unicode>
          </TextEquiv>
        </Word>
        <Word id="region0007_line0033_word0004" custom="readingOrder {index:4;} textStyle {offset:0; length:2;italic:true; fontSize:0.0; kerning:0;}">
          <Coords points="1139,2133 1126,2133 1127,2152 1163,2152 1162,2133 1155,2133 1143,2134"/>
          <TextEquiv conf="0.93278277">
            <Unicode>an</Unicode>
          </TextEquiv>
        </Word>
        <Word id="region0007_line0033_word0005" custom="readingOrder {index:5;} textStyle {offset:0; length:10;italic:true; fontSize:0.0; kerning:0;}">
          <Coords points="1178,2131 1179,2160 1329,2158 1328,2133 1291,2133 1274,2128 1237,2132 1231,2128 1218,2129 1214,2133 1193,2130"/>
          <TextEquiv conf="0.91975653">
            <Unicode>prioribus.</Unicode>
          </TextEquiv>
        </Word>
        <Word id="region0007_line0033_word0006" custom="readingOrder {index:6;}">
          <Coords points="1368,2125 1369,2149 1415,2148 1414,2128 1403,2128 1398,2124"/>
          <TextEquiv conf="0.95739603">
            <Unicode>Sic</Unicode>
          </TextEquiv>
        </Word>
        <Word id="region0007_line0033_word0007" custom="readingOrder {index:7;}">
          <Coords points="1444,2128 1435,2129 1436,2148 1504,2147 1503,2132 1500,2130"/>
          <TextEquiv conf="0.9328512">
            <Unicode>vero</Unicode>
          </TextEquiv>
        </Word>
        <Word id="region0007_line0033_word0008" custom="readingOrder {index:8;}">
          <Coords points="1525,2131 1526,2148 1671,2145 1670,2129 1595,2130 1585,2134 1573,2127 1564,2127 1556,2131 1527,2130"/>
          <TextEquiv conf="0.6757474">
            <Unicode>auctorem</Unicode>
          </TextEquiv>
        </Word>
        <TextEquiv>
          <Unicode>membris cinaedi ſitis, poſterioribus, an prioribus. Sic vero auctorem</Unicode>
        </TextEquiv>
      </TextLine>
      <TextLine id="region0007_line0034" custom="readingOrder {index:29;}">
        <Coords points="920,2157 914,2164 900,2168 831,2164 810,2167 804,2164 798,2164 792,2170 771,2167 713,2168 687,2171 613,2170 605,2165 586,2167 578,2172 564,2172 557,2167 549,2167 541,2172 523,2176 499,2174 499,2209 556,2205 561,2209 617,2208 642,2212 657,2209 672,2212 680,2207 699,2206 734,2208 847,2203 858,2210 890,2209 898,2202 903,2205 912,2205 916,2202 924,2205 936,2202 987,2202 991,2205 1000,2205 1007,2211 1015,2211 1021,2217 1033,2216 1039,2210 1047,2210 1057,2204 1067,2207 1087,2204 1113,2208 1136,2207 1148,2216 1165,2216 1173,2207 1187,2207 1200,2221 1212,2220 1221,2207 1261,2207 1265,2210 1293,2209 1299,2215 1328,2214 1334,2205 1511,2206 1536,2206 1540,2209 1566,2205 1628,2204 1660,2211 1675,2209 1675,2205 1674,2167 1592,2169 1584,2163 1537,2163 1529,2168 1499,2169 1490,2163 1471,2167 1429,2168 1415,2167 1409,2163 1400,2163 1394,2167 1198,2169 1192,2173 1177,2173 1173,2163 1163,2164 1157,2169 1106,2166 1101,2162 1077,2166 1007,2164 1001,2160 985,2164 965,2160 959,2164 934,2167 926,2162 926,2157"/>
        <Word id="region0007_line0034_word0000" custom="readingOrder {index:0;}">
          <Coords points="558,2168 546,2168 541,2172 523,2176 517,2175 517,2199 608,2197 608,2167 585,2167 578,2172 564,2172"/>
          <TextEquiv conf="0.87265337">
            <Unicode>odarii</Unicode>
          </TextEquiv>
        </Word>
        <Word id="region0007_line0034_word0001" custom="readingOrder {index:1;}">
          <Coords points="626,2176 742,2175 742,2205 626,2206"/>
          <TextEquiv conf="0.9074874">
            <Unicode>apparet</Unicode>
          </TextEquiv>
        </Word>
        <Word id="region0007_line0034_word0002" custom="readingOrder {index:2;}">
          <Coords points="805,2164 797,2164 792,2170 771,2167 764,2167 764,2195 850,2194 850,2165 834,2164 829,2164 810,2167"/>
          <TextEquiv conf="0.91489756">
            <Unicode>etiam</Unicode>
          </TextEquiv>
        </Word>
        <Word id="region0007_line0034_word0003" custom="readingOrder {index:3;}">
          <Coords points="926,2157 919,2158 914,2164 900,2168 872,2166 872,2200 975,2198 975,2162 965,2160 959,2164 934,2167 926,2162"/>
          <TextEquiv conf="0.9243448">
            <Unicode>pudori</Unicode>
          </TextEquiv>
        </Word>
        <Word id="region0007_line0034_word0004" custom="readingOrder {index:4;}">
          <Coords points="1091,2204 1145,2204 1145,2168 1106,2166 1101,2162 1077,2166 1007,2164 1001,2160 994,2161 994,2205 1000,2205 1001,2205 1055,2205 1057,2204 1060,2205 1081,2204 1087,2204"/>
          <TextEquiv>
            <Unicode>legentium</Unicode>
          </TextEquiv>
        </Word>
        <Word id="region0007_line0034_word0005" custom="readingOrder {index:5;}">
          <Coords points="1166,2163 1166,2204 1292,2202 1292,2168 1198,2169 1192,2173 1177,2173 1173,2163"/>
          <TextEquiv conf="0.8940084">
            <Unicode>ingenuo</Unicode>
          </TextEquiv>
        </Word>
        <Word id="region0007_line0034_word0006" custom="readingOrder {index:6;}">
          <Coords points="1315,2167 1315,2194 1457,2192 1457,2167 1429,2168 1415,2167 1409,2163 1400,2163 1394,2167"/>
          <TextEquiv conf="0.917407">
            <Unicode>praeclare</Unicode>
          </TextEquiv>
        </Word>
        <Word id="region0007_line0034_word0007" custom="readingOrder {index:7;}">
          <Coords points="1473,2166 1473,2190 1613,2188 1613,2168 1592,2169 1584,2163 1537,2163 1529,2168 1499,2169 1490,2163"/>
          <TextEquiv conf="0.74348694">
            <Unicode>ſeruiiſſe:</Unicode>
          </TextEquiv>
        </Word>
        <Word id="region0007_line0034_word0008" custom="readingOrder {index:8;}">
          <Coords points="1637,2167 1637,2190 1671,2189 1671,2167"/>
          <TextEquiv>
            <Unicode>vt</Unicode>
          </TextEquiv>
        </Word>
        <TextEquiv>
          <Unicode>odarii apparet etiam pudori legentium ingenuo praeclare ſeruiiſſe: vt</Unicode>
        </TextEquiv>
      </TextLine>
      <TextLine id="region0007_line0035" custom="readingOrder {index:30;}">
        <Coords points="541,2206 535,2210 499,2211 500,2249 734,2249 738,2248 799,2244 804,2239 804,2219 801,2215 769,2214 759,2207 699,2207 680,2208 672,2213 657,2210 642,2213 635,2210 561,2210 556,2206"/>
        <Word id="region0007_line0035_word0000" custom="readingOrder {index:0;}">
          <Coords points="518,2212 594,2211 594,2245 518,2246"/>
          <TextEquiv conf="0.4022955">
            <Unicode>odar.</Unicode>
          </TextEquiv>
        </Word>
        <Word id="region0007_line0035_word0001" custom="readingOrder {index:1;}">
          <Coords points="618,2218 670,2218 670,2244 618,2244"/>
          <TextEquiv conf="0.8663143">
            <Unicode>51,</Unicode>
          </TextEquiv>
        </Word>
        <Word id="region0007_line0035_word0002" custom="readingOrder {index:2;}">
          <Coords points="698,2217 761,2216 761,2240 698,2241"/>
          <TextEquiv>
            <Unicode>10.</Unicode>
          </TextEquiv>
        </Word>
        <TextEquiv>
          <Unicode>odar. 51, 10.</Unicode>
        </TextEquiv>
      </TextLine>
      <TextEquiv>
        <Unicode>36. Τὸ ſἀφελὲς, non ſolum ſimplex eſt, verum etiam nudum, et&#13;
apertum. Sic inferius [odar. 37, 7.] legimus, Ἀφελῶς  ἔλαμψε Τιτάν.&#13;
Recte hic Baxter, inquit clementior ſolito Barneſius. B. Bruncquius&#13;
putabat, ἀφελῆ eſſe hoc loco ἄτϱιχα, pudenda depilia. At huic rationi&#13;
repugnare videntur verba Παφίην Ϳέλȣσαν ἤδη. Nam αἰδὼς Παφίην Ϳέλȣσα&#13;
ἤδη ſunt pudenda lanata, aut potius tenta. Certe Clemens Alex. Protr,&#13;
p. 40. C grauiter viruperat in imaginibus, quas barbari ſibi fieri iube-&#13;
ant, μοϱίων ἐντάσας, ταῖς γϱαφαῖς ἀπυγυμνȣμένας. Παφίη autem Venus&#13;
vocatur, vt odar. 51, 29., quia Paphus, vrbs Cypri, ſedes eius, atque&#13;
domicilium, fuit. vid. Phurnutus N. DD. c. 14. p. 198. Gal. Strabo&#13;
14. p. 683. Caſaub. Horat. 1. od. 30, 1. Etymol. M. v. Παφίη et&#13;
ſchol. min. ad Hom. Il. έ, 422. Conf. ad odar. 6a, 1.6. Ἔχαν v. 28. eſt&#13;
noſſe, tenere, callere: vt Φϑονεϱὴ τέχνη inuidioſa, inuida, ars: et per&#13;
νῶτα ἀμείνω intell. podex, πϱωϰτὸς, pulcher, tumidus, amplus, vt iam&#13;
Faber docuit: qui potius ϰαλλίω dici debebat. Etſi enim gloſſa τὰ&#13;
νῶτα· hoc enim nominis genere vtuntur ſcriptores probi de hominis&#13;
dorſo: vid. Herodi Philet. p. 435. Pierſ. et Moeris h. v. in gloſſario&#13;
Heſychiano explicata nomine τὰ ὀπίσϑια legitur: tamen multa ſunt,&#13;
quae impediant, ne omnino de tergo accipi hoc loco poſſit. Nam in&#13;
tergo quidem nihil reperitur, quod amorem pueri excitare magnopere&#13;
poſſit: ex anus rectius, quam dorſum, poſt pudenda laudatur: denique&#13;
cinaedos conſtat apud veteres quam maxime commendatos eſſe ampli-&#13;
tudine podicis. Certe cinaedi dicti reperiuntur εὐϱύπϱωϰτοι, etiam&#13;
Aλαϰϰόπϱωϰτοι. vid. Ariſtoph. Theſmophorr. 207. Acharnn. 716. Nubb.&#13;
1333. Eubulus ap. Athen. 1, 19. p. 25. C, et Heſychius v. Θεόδωϱος.&#13;
Atque eo ſpectauit vox Arceſilai philoſophi ap. Plutarch. ſympoſſ. 7, 5.&#13;
p. 705. E. To. 2. ȣδὲν διαφέϱα, τοῖς ὄπισϑεν ἆναϳ ϰίναιδον, ἢ τοῖς ἔμ-&#13;
πϱοσϑτεν· quam Gellius 3, 5. ita interpretatus eſt, Nihil intereſt, quibus&#13;
membris cinaedi ſitis, poſterioribus, an prioribus. Sic vero auctorem&#13;
odarii apparet etiam pudori legentium ingenuo praeclare ſeruiiſſe: vt&#13;
odar. 51, 10.</Unicode>
      </TextEquiv>
    </TextRegion>
    <TextRegion orientation="0.8050488" readingDirection="left-to-right" id="region0008" custom="readingOrder {index:6;}">
      <Coords points="511,2275 1689,2270 1690,2370 512,2375"/>
      <TextLine id="region0008_line0001" custom="readingOrder {index:0;}">
        <Coords points="747,2275 735,2284 713,2284 708,2278 697,2276 656,2277 647,2278 639,2285 554,2293 550,2298 550,2317 556,2323 573,2320 603,2327 611,2320 622,2323 657,2324 661,2327 817,2320 898,2327 931,2327 935,2324 937,2315 970,2315 984,2325 1000,2324 1007,2315 1037,2314 1048,2315 1052,2328 1067,2330 1097,2327 1111,2328 1116,2324 1132,2322 1144,2322 1149,2326 1157,2326 1164,2322 1178,2321 1183,2325 1195,2322 1219,2322 1223,2325 1235,2322 1299,2321 1304,2325 1316,2322 1336,2324 1357,2322 1367,2332 1383,2329 1388,2321 1413,2320 1416,2330 1420,2333 1431,2332 1435,2321 1584,2318 1585,2325 1590,2330 1624,2329 1630,2325 1632,2319 1667,2318 1673,2324 1682,2323 1689,2319 1688,2282 1683,2282 1675,2272 1663,2273 1656,2282 1641,2282 1633,2273 1619,2274 1612,2279 1529,2283 1527,2277 1520,2273 1510,2274 1505,2283 1495,2274 1482,2276 1478,2283 1442,2283 1436,2274 1422,2275 1417,2284 1353,2285 1252,2284 1246,2276 1233,2276 1226,2283 1161,2282 1148,2281 1143,2277 1130,2278 1128,2273 1099,2273 1065,2273 1061,2279 1057,2279 1006,2278 1002,2275 964,2277 962,2274 804,2274 802,2281 765,2282 759,2275"/>
        <Word id="region0008_line0001_word0000" custom="readingOrder {index:0;}">
          <Coords points="595,2294 640,2293 641,2319 596,2320"/>
          <TextEquiv>
            <Unicode>41.</Unicode>
          </TextEquiv>
        </Word>
        <Word id="region0008_line0001_word0001" custom="readingOrder {index:1;}">
          <Coords points="713,2284 679,2284 680,2314 784,2313 783,2283 736,2283 735,2284 713,2284"/>
          <TextEquiv conf="0.8620906">
            <Unicode>Senſus</Unicode>
          </TextEquiv>
        </Word>
        <Word id="region0008_line0001_word0002" custom="readingOrder {index:2;}">
          <Coords points="800,2281 801,2316 852,2315 851,2279 802,2279 802,2281"/>
          <TextEquiv conf="0.86804056">
            <Unicode>eſt,</Unicode>
          </TextEquiv>
        </Word>
        <Word id="region0008_line0001_word0003" custom="readingOrder {index:3;} textStyle {offset:0; length:4;italic:true; fontSize:0.0; kerning:0;}">
          <Coords points="955,2315 955,2278 878,2279 879,2319 936,2318 937,2315"/>
          <TextEquiv conf="0.9188088">
            <Unicode>Quid</Unicode>
          </TextEquiv>
        </Word>
        <Word id="region0008_line0001_word0004" custom="readingOrder {index:4;} textStyle {offset:0; length:4;italic:true; fontSize:0.0; kerning:0;}">
          <Coords points="1038,2314 1037,2282 975,2283 976,2317 1006,2317 1007,2315 1037,2314"/>
          <TextEquiv conf="0.93167174">
            <Unicode>opus</Unicode>
          </TextEquiv>
        </Word>
        <Word id="region0008_line0001_word0005" custom="readingOrder {index:5;} textStyle {offset:0; length:4;italic:true; fontSize:0.0; kerning:0;}">
          <Coords points="1061,2278 1062,2319 1112,2318 1111,2275 1063,2275"/>
          <TextEquiv>
            <Unicode>eſt,</Unicode>
          </TextEquiv>
        </Word>
        <Word id="region0008_line0001_word0006" custom="readingOrder {index:6;} textStyle {offset:0; length:2;italic:true; fontSize:0.0; kerning:0;}">
          <Coords points="1148,2281 1129,2281 1130,2312 1163,2312 1162,2282 1161,2282"/>
          <TextEquiv conf="0.52650636">
            <Unicode>vt</Unicode>
          </TextEquiv>
        </Word>
        <Word id="region0008_line0001_word0007" custom="readingOrder {index:7;} textStyle {offset:0; length:2;italic:true; fontSize:0.0; kerning:0;}">
          <Coords points="1183,2283 1210,2283 1211,2310 1184,2310"/>
          <TextEquiv conf="0.92302704">
            <Unicode>te</Unicode>
          </TextEquiv>
        </Word>
        <Word id="region0008_line0001_word0008" custom="readingOrder {index:8;} textStyle {offset:0; length:7;italic:true; fontSize:0.0; kerning:0;}">
          <Coords points="1246,2276 1232,2276 1226,2283 1221,2282 1222,2309 1348,2307 1347,2284 1252,2284"/>
          <TextEquiv conf="0.8114501">
            <Unicode>doceam,</Unicode>
          </TextEquiv>
        </Word>
        <Word id="region0008_line0001_word0009" custom="readingOrder {index:9;} textStyle {offset:0; length:6;italic:true; fontSize:0.0; kerning:0;}">
          <Coords points="1365,2284 1366,2316 1459,2315 1458,2283 1442,2283 1436,2274 1422,2275 1417,2284"/>
          <TextEquiv conf="0.91669446">
            <Unicode>quales</Unicode>
          </TextEquiv>
        </Word>
        <Word id="region0008_line0001_word0010" custom="readingOrder {index:10;} textStyle {offset:0; length:7;italic:true; fontSize:0.0; kerning:0;}">
          <Coords points="1473,2283 1474,2301 1591,2300 1590,2280 1529,2283 1527,2277 1520,2273 1510,2274 1505,2283 1495,2274 1482,2276 1478,2283"/>
          <TextEquiv conf="0.923761">
            <Unicode>debeant</Unicode>
          </TextEquiv>
        </Word>
        <Word id="region0008_line0001_word0011" custom="readingOrder {index:11;} textStyle {offset:0; length:5;italic:true; fontSize:0.0; kerning:0;}">
          <Coords points="1604,2279 1605,2311 1685,2310 1684,2282 1683,2282 1675,2272 1663,2273 1656,2282 1641,2282 1633,2273 1619,2274 1612,2279"/>
          <TextEquiv>
            <Unicode>fieri</Unicode>
          </TextEquiv>
        </Word>
        <TextEquiv>
          <Unicode>41. Senſus eſt, Quid opus eſt, vt te doceam, quales debeant fieri</Unicode>
        </TextEquiv>
      </TextLine>
      <TextLine id="region0008_line0002" custom="readingOrder {index:1;}">
        <Coords points="524,2322 519,2326 512,2326 512,2375 543,2374 546,2362 612,2361 622,2358 626,2353 656,2352 661,2347 661,2328 657,2325 622,2324 611,2321 603,2328 573,2321 563,2321 558,2325 539,2325 533,2322"/>
        <Word id="word_1646127883391_1510" custom="readingOrder {index:0;} textStyle {offset:0; length:6;italic:true; fontSize:0.0; kerning:0;}">
          <Coords points="517,2332 618,2330 618,2357 543,2373 518,2374"/>
          <TextEquiv>
            <Unicode>pedes?</Unicode>
          </TextEquiv>
        </Word>
        <TextEquiv>
          <Unicode>pedes?</Unicode>
        </TextEquiv>
      </TextLine>
      <TextEquiv>
        <Unicode>41. Senſus eſt, Quid opus eſt, vt te doceam, quales debeant fieri&#13;
pedes?</Unicode>
      </TextEquiv>
    </TextRegion>
    <TextRegion orientation="0.8050488" readingDirection="left-to-right" id="region0009" custom="readingOrder {index:7;}">
      <Coords points="516,2387 1681,2382 1681,2621 516,2626"/>
      <TextLine id="region0009_line0001" custom="readingOrder {index:0;}">
        <Coords points="832,2386 826,2396 809,2398 800,2388 787,2389 780,2398 719,2399 715,2393 707,2391 656,2392 641,2399 560,2407 555,2412 556,2430 559,2434 591,2434 599,2440 615,2435 622,2443 655,2440 663,2434 671,2434 678,2439 727,2438 732,2433 739,2432 752,2440 768,2431 785,2437 791,2433 831,2434 838,2429 847,2429 853,2433 1006,2429 1093,2431 1098,2428 1109,2427 1114,2431 1147,2435 1193,2434 1206,2439 1219,2435 1275,2435 1285,2431 1295,2431 1310,2439 1352,2435 1357,2431 1385,2431 1394,2435 1406,2430 1414,2432 1419,2437 1468,2430 1472,2433 1492,2433 1505,2439 1527,2429 1538,2428 1544,2432 1592,2435 1620,2427 1629,2427 1634,2431 1681,2428 1680,2394 1633,2387 1584,2388 1559,2394 1561,2383 1520,2384 1520,2395 1516,2394 1515,2384 1483,2383 1485,2396 1441,2397 1435,2388 1422,2388 1416,2397 1379,2398 1372,2388 1357,2390 1353,2387 1341,2387 1334,2396 1276,2398 1264,2397 1262,2391 1256,2387 1245,2388 1238,2395 1215,2397 1158,2397 1156,2390 1150,2386 1140,2386 1133,2394 1123,2393 1116,2385 1104,2386 1097,2393 1073,2393 1033,2390 1031,2386 1008,2386 1005,2390 960,2392 957,2386 932,2386 930,2391 852,2395 846,2387"/>
        <Word id="region0009_line0001_word0000" custom="readingOrder {index:0;}">
          <Coords points="595,2404 642,2403 643,2433 596,2434"/>
          <TextEquiv conf="0.9119169">
            <Unicode>43.</Unicode>
          </TextEquiv>
        </Word>
        <Word id="region0009_line0001_word0001" custom="readingOrder {index:1;}">
          <Coords points="716,2394 683,2395 684,2430 819,2429 818,2396 809,2398 805,2394 782,2394 780,2398 719,2399"/>
          <TextEquiv conf="0.9058043">
            <Unicode>Secundo</Unicode>
          </TextEquiv>
        </Word>
        <Word id="region0009_line0001_word0002" custom="readingOrder {index:2;}">
          <Coords points="850,2392 834,2393 835,2424 901,2423 900,2392 852,2395"/>
          <TextEquiv conf="0.7799641">
            <Unicode>loco</Unicode>
          </TextEquiv>
        </Word>
        <Word id="region0009_line0001_word0003" custom="readingOrder {index:3;}">
          <Coords points="959,2390 930,2391 930,2391 916,2392 916,2422 978,2421 978,2391 960,2392"/>
          <TextEquiv conf="0.91050315">
            <Unicode>vſus</Unicode>
          </TextEquiv>
        </Word>
        <Word id="region0009_line0001_word0004" custom="readingOrder {index:4;}">
          <Coords points="992,2391 1030,2391 1031,2423 993,2423"/>
          <TextEquiv conf="0.92556155">
            <Unicode>eſt</Unicode>
          </TextEquiv>
        </Word>
        <Word id="region0009_line0001_word0005" custom="readingOrder {index:5;}">
          <Coords points="1119,2388 1100,2389 1097,2393 1073,2393 1043,2390 1044,2423 1188,2421 1187,2397 1158,2397 1156,2390 1153,2388 1137,2388 1133,2394 1123,2393"/>
          <TextEquiv conf="0.89651865">
            <Unicode>trochaico</Unicode>
          </TextEquiv>
        </Word>
        <Word id="region0009_line0001_word0006" custom="readingOrder {index:6;}">
          <Coords points="1201,2397 1202,2426 1286,2425 1285,2397 1276,2398 1264,2397 1262,2391 1256,2387 1245,2388 1238,2395 1215,2397"/>
          <TextEquiv conf="0.88702285">
            <Unicode>pede.</Unicode>
          </TextEquiv>
        </Word>
        <Word id="region0009_line0001_word0007" custom="readingOrder {index:7;}">
          <Coords points="1303,2397 1304,2424 1373,2423 1372,2388 1372,2388 1357,2390 1353,2387 1341,2387 1334,2396"/>
          <TextEquiv conf="0.9526681">
            <Unicode>quid</Unicode>
          </TextEquiv>
        </Word>
        <Word id="region0009_line0001_word0008" custom="readingOrder {index:8;}">
          <Coords points="1386,2397 1386,2420 1463,2419 1463,2396 1441,2397 1435,2388 1422,2388 1416,2397"/>
          <TextEquiv conf="0.9632523">
            <Unicode>enim</Unicode>
          </TextEquiv>
        </Word>
        <Word id="region0009_line0001_word0009" custom="readingOrder {index:9;}">
          <Coords points="1478,2396 1479,2426 1554,2425 1553,2383 1520,2384 1520,2395 1516,2394 1515,2384 1483,2383 1485,2396"/>
          <TextEquiv conf="0.9424796">
            <Unicode>opus</Unicode>
          </TextEquiv>
        </Word>
        <Word id="region0009_line0001_word0010" custom="readingOrder {index:10;}">
          <Coords points="1567,2392 1568,2425 1605,2425 1604,2387 1584,2388"/>
          <TextEquiv conf="0.89814395">
            <Unicode>eſt</Unicode>
          </TextEquiv>
        </Word>
        <Word id="region0009_line0001_word0011" custom="readingOrder {index:11;}">
          <Coords points="1620,2387 1620,2414 1676,2414 1676,2393 1633,2387"/>
          <TextEquiv conf="0.91441566">
            <Unicode>Bar-</Unicode>
          </TextEquiv>
        </Word>
        <TextEquiv>
          <Unicode>43. Secundo loco vſus eſt trochaico pede. quid enim opus eſt Bar-</Unicode>
        </TextEquiv>
      </TextLine>
      <TextLine id="region0009_line0002" custom="readingOrder {index:1;}">
        <Coords points="564,2434 559,2435 557,2439 517,2439 517,2472 622,2472 628,2478 708,2476 739,2471 749,2478 825,2473 843,2468 863,2469 878,2465 886,2465 894,2470 945,2473 950,2470 973,2468 981,2463 998,2463 1005,2469 1026,2468 1032,2464 1044,2463 1055,2468 1181,2471 1211,2466 1245,2474 1262,2473 1269,2468 1275,2468 1282,2472 1320,2476 1359,2473 1390,2477 1406,2475 1418,2469 1429,2469 1438,2475 1442,2472 1484,2472 1490,2467 1500,2467 1506,2471 1540,2469 1553,2464 1571,2465 1576,2470 1681,2470 1681,2429 1634,2432 1629,2428 1620,2428 1592,2436 1544,2433 1538,2429 1527,2430 1505,2440 1492,2434 1480,2435 1468,2431 1419,2438 1414,2433 1406,2431 1396,2436 1385,2432 1357,2432 1352,2436 1310,2440 1295,2432 1285,2432 1275,2436 1219,2436 1206,2440 1193,2435 1147,2436 1114,2432 1109,2428 1098,2429 1093,2432 956,2431 927,2435 854,2436 847,2430 838,2430 828,2438 821,2439 816,2435 791,2434 783,2441 779,2435 772,2432 764,2433 758,2441 752,2442 739,2433 732,2434 726,2441 678,2440 671,2435 663,2435 655,2441 622,2444 615,2436 599,2441 591,2435"/>
        <Word id="region0009_line0002_word0000" custom="readingOrder {index:0;}">
          <Coords points="523,2440 592,2439 592,2471 523,2472"/>
          <TextEquiv conf="0.702312">
            <Unicode>neſii</Unicode>
          </TextEquiv>
        </Word>
        <Word id="region0009_line0002_word0001" custom="readingOrder {index:1;}">
          <Coords points="617,2438 608,2439 608,2472 707,2470 707,2440 678,2440 674,2437 659,2437 655,2441 622,2444"/>
          <TextEquiv>
            <Unicode>Ionico</Unicode>
          </TextEquiv>
        </Word>
        <Word id="region0009_line0002_word0002" custom="readingOrder {index:2;}">
          <Coords points="742,2435 730,2435 726,2441 724,2440 724,2472 734,2471 739,2471 739,2471 774,2471 774,2435 762,2435 758,2441 752,2442"/>
          <TextEquiv>
            <Unicode>ἀπʹ</Unicode>
          </TextEquiv>
        </Word>
        <Word id="region0009_line0002_word0003" custom="readingOrder {index:3;}">
          <Coords points="816,2435 789,2436 789,2469 841,2468 843,2468 847,2468 866,2467 878,2465 886,2465 890,2467 943,2467 943,2434 933,2434 927,2435 854,2436 853,2435 831,2435 828,2438 821,2439"/>
          <TextEquiv>
            <Unicode>ἐλἀσσονος,</Unicode>
          </TextEquiv>
        </Word>
        <Word id="region0009_line0002_word0004" custom="readingOrder {index:4;}">
          <Coords points="998,2463 1020,2463 1020,2441 957,2442 957,2464 980,2464 981,2463 998,2463"/>
          <TextEquiv>
            <Unicode>cum</Unicode>
          </TextEquiv>
        </Word>
        <Word id="region0009_line0002_word0005" custom="readingOrder {index:5;}">
          <Coords points="1117,2432 1037,2434 1037,2463 1044,2463 1045,2463 1185,2461 1185,2435 1147,2436"/>
          <TextEquiv conf="0.90961576">
            <Unicode>trochaeus</Unicode>
          </TextEquiv>
        </Word>
        <Word id="region0009_line0002_word0006" custom="readingOrder {index:6;}">
          <Coords points="1206,2440 1200,2440 1200,2460 1261,2459 1261,2439 1206,2440 1206,2440"/>
          <TextEquiv conf="0.96797484">
            <Unicode>non</Unicode>
          </TextEquiv>
        </Word>
        <Word id="region0009_line0002_word0007" custom="readingOrder {index:7;}">
          <Coords points="1276,2435 1276,2466 1319,2466 1319,2439 1310,2440 1295,2432 1285,2432"/>
          <TextEquiv conf="0.9516632">
            <Unicode>ſit,</Unicode>
          </TextEquiv>
        </Word>
        <Word id="region0009_line0002_word0008" custom="readingOrder {index:8;}">
          <Coords points="1338,2437 1338,2463 1408,2462 1408,2431 1406,2431 1396,2436 1385,2432 1357,2432 1352,2436"/>
          <TextEquiv>
            <Unicode>niſi</Unicode>
          </TextEquiv>
        </Word>
        <Word id="region0009_line0002_word0009" custom="readingOrder {index:9;}">
          <Coords points="1414,2433 1414,2459 1509,2458 1509,2438 1505,2440 1492,2434 1480,2435 1468,2431 1419,2438"/>
          <TextEquiv conf="0.17556542">
            <Unicode>iambus</Unicode>
          </TextEquiv>
        </Word>
        <Word id="region0009_line0002_word0010" custom="readingOrder {index:10;}">
          <Coords points="1530,2429 1530,2462 1676,2460 1676,2429 1634,2432 1629,2428 1620,2428 1592,2436 1544,2433 1538,2429"/>
          <TextEquiv>
            <Unicode>inuerſus?</Unicode>
          </TextEquiv>
        </Word>
        <TextEquiv>
          <Unicode>neſii Ionico ἀπʹ ἐλἀσσονος, cum trochaeus non ſit, niſi iambus inuerſus?</Unicode>
        </TextEquiv>
      </TextLine>
      <TextLine id="region0009_line0003" custom="readingOrder {index:2;}">
        <Coords points="878,2466 873,2469 843,2469 818,2476 781,2475 749,2479 739,2472 708,2477 629,2480 622,2473 517,2473 517,2516 555,2519 562,2513 573,2513 581,2517 589,2516 596,2511 607,2511 613,2514 658,2510 674,2513 680,2518 693,2518 698,2509 727,2510 744,2517 752,2511 759,2510 765,2514 885,2511 923,2506 978,2506 983,2502 993,2502 1000,2508 1012,2511 1055,2502 1072,2502 1080,2507 1102,2502 1109,2506 1148,2513 1155,2513 1165,2506 1193,2505 1203,2510 1225,2512 1234,2507 1244,2507 1250,2512 1283,2507 1292,2513 1369,2510 1411,2512 1421,2506 1434,2506 1440,2510 1500,2509 1577,2501 1588,2503 1592,2510 1598,2512 1602,2508 1609,2507 1613,2502 1620,2502 1627,2507 1681,2507 1681,2471 1653,2470 1576,2471 1571,2466 1553,2465 1547,2469 1513,2472 1490,2468 1484,2473 1451,2477 1438,2477 1429,2470 1413,2471 1400,2477 1323,2478 1306,2474 1282,2473 1275,2469 1269,2469 1260,2476 1246,2476 1240,2472 1211,2467 1172,2473 1055,2469 1044,2464 1032,2465 1026,2469 1006,2471 998,2464 981,2464 974,2468 972,2473 898,2474 886,2466"/>
        <Word id="region0009_line0003_word0000" custom="readingOrder {index:0;}">
          <Coords points="527,2516 554,2516 553,2479 522,2480 522,2516"/>
          <TextEquiv>
            <Unicode>B.</Unicode>
          </TextEquiv>
        </Word>
        <Word id="region0009_line0003_word0001" custom="readingOrder {index:1;}">
          <Coords points="626,2477 571,2478 572,2506 666,2505 665,2478 629,2480"/>
          <TextEquiv>
            <Unicode>Τȣτον</Unicode>
          </TextEquiv>
        </Word>
        <Word id="region0009_line0003_word0002" custom="readingOrder {index:2;}">
          <Coords points="741,2474 729,2474 708,2477 682,2478 683,2512 696,2512 698,2509 727,2510 731,2512 751,2511 752,2511 759,2510 761,2511 805,2511 804,2476 781,2475 749,2479"/>
          <TextEquiv conf="0.90839815">
            <Unicode>poſitum</Unicode>
          </TextEquiv>
        </Word>
        <Word id="region0009_line0003_word0003" custom="readingOrder {index:3;}">
          <Coords points="817,2476 818,2503 857,2502 856,2474 822,2475 818,2476"/>
          <TextEquiv>
            <Unicode>eſt</Unicode>
          </TextEquiv>
        </Word>
        <Word id="region0009_line0003_word0004" custom="readingOrder {index:4;}">
          <Coords points="890,2469 873,2469 874,2510 895,2510 923,2506 978,2506 983,2502 993,2502 1000,2508 1001,2508 1019,2508 1018,2470 1006,2471 1002,2467 975,2468 974,2468 972,2473 898,2474"/>
          <TextEquiv>
            <Unicode>δειϰτιϰῶς,</Unicode>
          </TextEquiv>
        </Word>
        <Word id="region0009_line0003_word0005" custom="readingOrder {index:5;}">
          <Coords points="1054,2468 1032,2469 1033,2501 1082,2500 1081,2469 1055,2469"/>
          <TextEquiv>
            <Unicode>ita,</Unicode>
          </TextEquiv>
        </Word>
        <Word id="region0009_line0003_word0006" custom="readingOrder {index:6;}">
          <Coords points="1094,2477 1126,2476 1127,2495 1095,2496"/>
          <TextEquiv conf="0.9154799">
            <Unicode>vt</Unicode>
          </TextEquiv>
        </Word>
        <Word id="region0009_line0003_word0007" custom="readingOrder {index:7;}">
          <Coords points="1145,2478 1192,2477 1193,2505 1146,2506"/>
          <TextEquiv conf="0.92863023">
            <Unicode>per</Unicode>
          </TextEquiv>
        </Word>
        <Word id="region0009_line0003_word0008" custom="readingOrder {index:8;}">
          <Coords points="1206,2467 1207,2499 1377,2497 1376,2477 1323,2478 1306,2474 1282,2473 1275,2469 1269,2469 1260,2476 1246,2476 1240,2472 1211,2467"/>
          <TextEquiv>
            <Unicode>Ἀπόλλωνα</Unicode>
          </TextEquiv>
        </Word>
        <Word id="region0009_line0003_word0009" custom="readingOrder {index:9;}">
          <Coords points="1392,2477 1393,2498 1474,2496 1473,2474 1451,2477 1438,2477 1429,2470 1413,2471 1400,2477"/>
          <TextEquiv>
            <Unicode>τȣτον</Unicode>
          </TextEquiv>
        </Word>
        <Word id="region0009_line0003_word0010" custom="readingOrder {index:10;}">
          <Coords points="1490,2468 1491,2501 1676,2499 1675,2470 1653,2470 1576,2471 1571,2466 1553,2465 1547,2469 1513,2472"/>
          <TextEquiv conf="0.9170172">
            <Unicode>intellegatur</Unicode>
          </TextEquiv>
        </Word>
        <TextEquiv>
          <Unicode>B. Τȣτον poſitum eſt δειϰτιϰῶς, ita, vt per Ἀπόλλωνα τȣτον intellegatur</Unicode>
        </TextEquiv>
      </TextLine>
      <TextLine id="region0009_line0004" custom="readingOrder {index:3;}">
        <Coords points="983,2503 977,2508 923,2507 912,2511 765,2515 759,2511 752,2512 744,2518 727,2511 698,2510 693,2519 680,2519 674,2514 658,2511 617,2515 607,2512 596,2512 588,2518 562,2514 555,2520 517,2517 517,2553 553,2553 561,2556 573,2549 619,2552 625,2548 637,2547 643,2549 647,2555 657,2557 672,2552 774,2553 789,2547 802,2550 805,2546 811,2546 818,2551 876,2549 885,2552 899,2542 906,2542 914,2547 955,2548 963,2541 982,2541 986,2544 1007,2540 1075,2539 1086,2544 1138,2545 1150,2550 1161,2547 1223,2549 1264,2545 1269,2549 1298,2549 1308,2545 1336,2542 1346,2547 1377,2545 1418,2547 1425,2544 1436,2550 1446,2546 1477,2541 1488,2545 1613,2544 1624,2545 1629,2549 1681,2545 1681,2508 1627,2508 1620,2503 1613,2503 1609,2508 1602,2509 1598,2513 1592,2511 1588,2504 1577,2502 1500,2510 1440,2511 1434,2507 1421,2507 1411,2513 1361,2511 1292,2514 1283,2508 1250,2513 1244,2508 1234,2508 1225,2513 1203,2511 1193,2506 1165,2507 1155,2514 1148,2514 1138,2510 1109,2508 1102,2503 1080,2508 1072,2503 1055,2503 1012,2512 1000,2509 993,2503"/>
        <Word id="region0009_line0004_word0000" custom="readingOrder {index:0;} textStyle {offset:0; length:6;italic:true; fontSize:0.0; kerning:0;}">
          <Coords points="563,2514 561,2514 555,2520 524,2517 524,2549 621,2547 621,2514 617,2515 611,2513 593,2513 588,2518"/>
          <TextEquiv conf="0.3164502">
            <Unicode>tabula</Unicode>
          </TextEquiv>
        </Word>
        <Word id="region0009_line0004_word0001" custom="readingOrder {index:1;} textStyle {offset:0; length:10;italic:true; fontSize:0.0; kerning:0;}">
          <Coords points="670,2513 629,2514 629,2547 637,2547 643,2549 644,2550 778,2549 778,2514 765,2515 760,2512 751,2512 744,2518 730,2512 696,2513 693,2519 680,2519 674,2514"/>
          <TextEquiv conf="0.89292794">
            <Unicode>Apollinis,</Unicode>
          </TextEquiv>
        </Word>
        <Word id="region0009_line0004_word0002" custom="readingOrder {index:2;}">
          <Coords points="812,2547 870,2546 870,2519 787,2520 787,2547 804,2547 805,2546 811,2546"/>
          <TextEquiv conf="0.93010193">
            <Unicode>quam</Unicode>
          </TextEquiv>
        </Word>
        <Word id="region0009_line0004_word0003" custom="readingOrder {index:3;}">
          <Coords points="969,2541 969,2511 885,2513 885,2546 893,2545 899,2542 906,2542 911,2545 959,2544 963,2541"/>
          <TextEquiv>
            <Unicode>poëta</Unicode>
          </TextEquiv>
        </Word>
        <Word id="region0009_line0004_word0004" custom="readingOrder {index:4;}">
          <Coords points="998,2508 984,2508 984,2536 1015,2536 1015,2511 1012,2512 1000,2509"/>
          <TextEquiv conf="0.89760315">
            <Unicode>in</Unicode>
          </TextEquiv>
        </Word>
        <Word id="region0009_line0004_word0005" custom="readingOrder {index:5;}">
          <Coords points="1078,2507 1031,2507 1030,2508 1030,2538 1138,2536 1138,2510 1109,2508 1107,2506 1084,2506 1080,2508"/>
          <TextEquiv conf="0.89465785">
            <Unicode>officina</Unicode>
          </TextEquiv>
        </Word>
        <Word id="region0009_line0004_word0006" custom="readingOrder {index:6;}">
          <Coords points="1193,2506 1182,2506 1165,2507 1155,2514 1148,2514 1148,2544 1257,2542 1257,2511 1250,2513 1244,2508 1234,2508 1225,2513 1203,2511"/>
          <TextEquiv conf="0.7802502">
            <Unicode>pictoris</Unicode>
          </TextEquiv>
        </Word>
        <Word id="region0009_line0004_word0007" custom="readingOrder {index:7;}">
          <Coords points="1269,2510 1269,2536 1344,2535 1344,2511 1292,2514 1283,2508"/>
          <TextEquiv conf="0.9264671">
            <Unicode>forte</Unicode>
          </TextEquiv>
        </Word>
        <Word id="region0009_line0004_word0008" custom="readingOrder {index:8;}">
          <Coords points="1359,2511 1359,2540 1550,2537 1550,2504 1500,2510 1440,2511 1434,2507 1421,2507 1411,2513 1361,2511"/>
          <TextEquiv conf="0.9012094">
            <Unicode>conſpexerat.</Unicode>
          </TextEquiv>
        </Word>
        <Word id="region0009_line0004_word0009" custom="readingOrder {index:9;}">
          <Coords points="1559,2503 1559,2538 1677,2537 1677,2508 1627,2508 1620,2503 1613,2503 1609,2508 1602,2509 1598,2513 1592,2511 1588,2504 1577,2502"/>
          <TextEquiv conf="0.91325426">
            <Unicode>Reliqua</Unicode>
          </TextEquiv>
        </Word>
        <TextEquiv>
          <Unicode>tabula Apollinis, quam poëta in officina pictoris forte conſpexerat. Reliqua</Unicode>
        </TextEquiv>
      </TextLine>
      <TextLine id="region0009_line0005" custom="readingOrder {index:4;}">
        <Coords points="963,2542 955,2549 914,2548 906,2543 899,2543 885,2553 876,2550 818,2552 811,2547 805,2547 802,2551 789,2548 774,2554 672,2553 657,2558 649,2557 637,2548 625,2549 619,2553 591,2554 584,2550 573,2550 561,2557 553,2554 517,2554 517,2587 544,2586 556,2591 576,2586 584,2591 640,2590 688,2594 697,2590 710,2590 719,2585 726,2585 732,2589 740,2589 746,2585 756,2584 762,2588 772,2584 783,2584 789,2588 857,2585 876,2591 911,2581 923,2585 957,2585 965,2580 995,2578 1004,2584 1016,2578 1027,2578 1033,2583 1070,2581 1077,2577 1086,2577 1092,2581 1110,2580 1115,2576 1123,2576 1142,2587 1155,2584 1170,2585 1177,2580 1185,2579 1193,2584 1228,2585 1232,2588 1248,2582 1259,2581 1268,2586 1280,2581 1288,2581 1296,2586 1335,2584 1341,2580 1348,2580 1356,2586 1418,2585 1425,2580 1434,2580 1448,2587 1459,2583 1550,2580 1556,2576 1566,2576 1573,2581 1589,2583 1595,2587 1608,2586 1614,2583 1681,2580 1681,2571 1681,2560 1681,2548 1666,2547 1629,2550 1624,2546 1613,2545 1488,2546 1477,2542 1446,2547 1436,2551 1425,2545 1418,2548 1377,2546 1346,2548 1336,2543 1308,2546 1298,2550 1269,2550 1264,2546 1252,2546 1248,2550 1161,2548 1150,2551 1138,2546 1086,2545 1075,2540 1007,2541 991,2546 982,2542"/>
        <Word id="region0009_line0005_word0000" custom="readingOrder {index:0;}">
          <Coords points="554,2554 522,2555 523,2586 609,2585 608,2554 565,2554 561,2557"/>
          <TextEquiv conf="0.73929185">
            <Unicode>verba</Unicode>
          </TextEquiv>
        </Word>
        <Word id="region0009_line0005_word0001" custom="readingOrder {index:1;}">
          <Coords points="641,2551 623,2551 624,2584 659,2584 658,2557 657,2558 649,2557"/>
          <TextEquiv>
            <Unicode>ſic</Unicode>
          </TextEquiv>
        </Word>
        <Word id="region0009_line0005_word0002" custom="readingOrder {index:2;}">
          <Coords points="749,2584 749,2559 680,2560 681,2589 712,2588 719,2585 726,2585 730,2588 741,2588 746,2585"/>
          <TextEquiv>
            <Unicode>puto</Unicode>
          </TextEquiv>
        </Word>
        <Word id="region0009_line0005_word0003" custom="readingOrder {index:3;}">
          <Coords points="802,2551 781,2551 774,2554 768,2553 769,2580 822,2580 821,2551 818,2552 816,2551"/>
          <TextEquiv conf="0.92221475">
            <Unicode>eſſe</Unicode>
          </TextEquiv>
        </Word>
        <Word id="region0009_line0005_word0004" custom="readingOrder {index:4;}">
          <Coords points="913,2547 893,2547 885,2553 876,2550 833,2551 834,2586 834,2586 857,2585 859,2586 896,2585 911,2581 923,2585 958,2585 965,2580 995,2578 1004,2584 1008,2582 1007,2546 958,2547 955,2549 914,2548"/>
          <TextEquiv>
            <Unicode>explicanda.</Unicode>
          </TextEquiv>
        </Word>
        <Word id="region0009_line0005_word0005" custom="readingOrder {index:5;}">
          <Coords points="1023,2548 1117,2546 1118,2575 1024,2577"/>
          <TextEquiv>
            <Unicode>Pictor</Unicode>
          </TextEquiv>
        </Word>
        <Word id="region0009_line0005_word0006" custom="readingOrder {index:6;}">
          <Coords points="1187,2580 1218,2580 1217,2553 1131,2554 1132,2581 1176,2580 1177,2580 1185,2579"/>
          <TextEquiv conf="0.90324885">
            <Unicode>quum</Unicode>
          </TextEquiv>
        </Word>
        <Word id="region0009_line0005_word0007" custom="readingOrder {index:7;}">
          <Coords points="1337,2543 1331,2544 1308,2546 1298,2550 1269,2550 1264,2546 1252,2546 1248,2550 1236,2550 1237,2582 1250,2582 1259,2581 1260,2582 1279,2581 1280,2581 1288,2581 1288,2581 1340,2580 1341,2580 1348,2580 1348,2580 1365,2580 1364,2547 1346,2548"/>
          <TextEquiv conf="0.9197417">
            <Unicode>pinxiſſet</Unicode>
          </TextEquiv>
        </Word>
        <Word id="region0009_line0005_word0008" custom="readingOrder {index:8;}">
          <Coords points="1371,2546 1372,2579 1536,2577 1535,2545 1488,2546 1477,2542 1446,2547 1436,2551 1425,2545 1418,2548 1377,2546"/>
          <TextEquiv conf="0.911263">
            <Unicode>Bathyllum</Unicode>
          </TextEquiv>
        </Word>
        <Word id="region0009_line0005_word0009" custom="readingOrder {index:9;}">
          <Coords points="1550,2547 1582,2547 1583,2567 1551,2567"/>
          <TextEquiv conf="0.9591065">
            <Unicode>ex</Unicode>
          </TextEquiv>
        </Word>
        <Word id="region0009_line0005_word0010" custom="readingOrder {index:10;}">
          <Coords points="1627,2548 1592,2549 1593,2576 1678,2575 1677,2548 1649,2548 1629,2550"/>
          <TextEquiv conf="0.9116841">
            <Unicode>prae-</Unicode>
          </TextEquiv>
        </Word>
        <TextEquiv>
          <Unicode>verba ſic puto eſſe explicanda. Pictor quum pinxiſſet Bathyllum ex prae-</Unicode>
        </TextEquiv>
      </TextLine>
      <TextLine id="region0009_line0006" custom="readingOrder {index:5;}">
        <Coords points="986,2579 965,2581 957,2586 923,2586 911,2582 876,2592 857,2586 789,2589 783,2585 772,2585 762,2589 756,2585 746,2586 740,2590 732,2590 726,2586 719,2586 710,2591 697,2591 688,2595 640,2591 584,2592 576,2587 569,2587 560,2592 549,2591 544,2587 517,2588 517,2633 537,2634 541,2636 566,2632 579,2643 592,2642 597,2631 604,2629 718,2629 728,2639 738,2638 746,2628 797,2629 803,2635 819,2634 825,2627 838,2625 908,2625 915,2626 926,2635 934,2635 944,2625 995,2626 1001,2623 1036,2625 1043,2621 1088,2621 1177,2627 1207,2624 1218,2628 1227,2628 1231,2625 1282,2628 1366,2624 1369,2629 1383,2633 1393,2629 1396,2623 1444,2626 1481,2621 1485,2627 1503,2628 1511,2622 1547,2621 1553,2625 1565,2622 1599,2623 1605,2620 1633,2618 1642,2613 1649,2618 1665,2619 1669,2624 1681,2622 1681,2583 1640,2583 1595,2588 1589,2584 1573,2582 1566,2577 1556,2577 1550,2581 1459,2584 1450,2588 1440,2586 1434,2581 1425,2581 1418,2586 1356,2587 1348,2581 1338,2582 1334,2586 1296,2587 1288,2582 1268,2587 1259,2582 1248,2583 1232,2589 1228,2586 1193,2585 1185,2580 1177,2581 1170,2586 1155,2585 1142,2588 1123,2577 1115,2577 1110,2581 1092,2582 1086,2578 1077,2578 1061,2583 1033,2584 1027,2579 1016,2579 1004,2585 995,2579"/>
        <Word id="region0009_line0006_word0000" custom="readingOrder {index:0;}">
          <Coords points="554,2591 524,2592 524,2633 537,2634 541,2636 566,2632 571,2636 594,2635 597,2631 604,2629 648,2629 648,2591 640,2591 584,2592 582,2591 561,2591 560,2592"/>
          <TextEquiv>
            <Unicode>ſcripto:</Unicode>
          </TextEquiv>
        </Word>
        <Word id="region0009_line0006_word0001" custom="readingOrder {index:1;}">
          <Coords points="732,2590 711,2590 710,2591 697,2591 688,2595 659,2593 659,2629 718,2629 720,2631 744,2631 746,2628 796,2629 796,2589 740,2590 740,2590 732,2590"/>
          <TextEquiv conf="0.9074617">
            <Unicode>conſpicit</Unicode>
          </TextEquiv>
        </Word>
        <Word id="region0009_line0006_word0002" custom="readingOrder {index:2;}">
          <Coords points="890,2625 890,2593 807,2594 807,2627 826,2626 838,2625"/>
          <TextEquiv>
            <Unicode>poëta</Unicode>
          </TextEquiv>
        </Word>
        <Word id="region0009_line0006_word0003" custom="readingOrder {index:3;}">
          <Coords points="922,2586 897,2586 897,2625 908,2625 915,2626 918,2629 941,2628 944,2625 995,2626 1001,2623 1036,2625 1040,2623 1040,2584 1005,2584 1004,2585 1003,2585 958,2585 957,2586 923,2586"/>
          <TextEquiv conf="0.92391324">
            <Unicode>Apollinis</Unicode>
          </TextEquiv>
        </Word>
        <Word id="word_1646128266168_1750" custom="readingOrder {index:4;}">
          <Coords points="1050,2584 1133,2582 1142,2588 1155,2585 1170,2586 1172,2584 1172,2618 1050,2620"/>
          <TextEquiv conf="0.9192713">
            <Unicode>tabulam</Unicode>
          </TextEquiv>
        </Word>
        <Word id="region0009_line0006_word0005" custom="readingOrder {index:5;}">
          <Coords points="1206,2624 1206,2585 1193,2585 1185,2580 1179,2580 1179,2626"/>
          <TextEquiv>
            <Unicode>in</Unicode>
          </TextEquiv>
        </Word>
        <Word id="region0009_line0006_word0006" custom="readingOrder {index:6;}">
          <Coords points="1261,2583 1246,2583 1232,2589 1228,2586 1216,2585 1216,2618 1325,2616 1325,2586 1296,2587 1289,2582 1285,2582 1268,2587"/>
          <TextEquiv conf="0.87962866">
            <Unicode>officina</Unicode>
          </TextEquiv>
        </Word>
        <Word id="region0009_line0006_word0007" custom="readingOrder {index:7;}">
          <Coords points="1333,2586 1333,2613 1368,2613 1368,2586 1356,2587 1348,2581 1338,2582 1334,2586"/>
          <TextEquiv conf="0.9329614">
            <Unicode>de</Unicode>
          </TextEquiv>
        </Word>
        <Word id="region0009_line0006_word0008" custom="readingOrder {index:8;}">
          <Coords points="1482,2622 1482,2622 1482,2583 1459,2584 1450,2588 1440,2586 1434,2581 1425,2581 1418,2586 1376,2587 1376,2624 1396,2624 1396,2623 1404,2623 1472,2622 1481,2621"/>
          <TextEquiv>
            <Unicode>pariete</Unicode>
          </TextEquiv>
        </Word>
        <Word id="region0009_line0006_word0009" custom="readingOrder {index:9;}">
          <Coords points="1643,2614 1677,2614 1677,2583 1640,2583 1595,2588 1589,2584 1573,2582 1566,2577 1556,2577 1550,2581 1491,2582 1491,2616 1639,2614 1642,2613"/>
          <TextEquiv conf="0.9187651">
            <Unicode>pendentem.</Unicode>
          </TextEquiv>
        </Word>
        <TextEquiv>
          <Unicode>ſcripto: conſpicit poëta Apollinis tabulam in officina de pariete pendentem.</Unicode>
        </TextEquiv>
      </TextLine>
      <TextEquiv>
        <Unicode>43. Secundo loco vſus eſt trochaico pede. quid enim opus eſt Bar-&#13;
neſii Ionico ἀπʹ ἐλἀσσονος, cum trochaeus non ſit, niſi iambus inuerſus?&#13;
B. Τȣτον poſitum eſt δειϰτιϰῶς, ita, vt per Ἀπόλλωνα τȣτον intellegatur&#13;
tabula Apollinis, quam poëta in officina pictoris forte conſpexerat. Reliqua&#13;
verba ſic puto eſſe explicanda. Pictor quum pinxiſſet Bathyllum ex prae-&#13;
ſcripto: conſpicit poëta Apollinis tabulam in officina de pariete pendentem.</Unicode>
      </TextEquiv>
    </TextRegion>
    <TextRegion type="catch-word" id="region_1676619133197_79" custom="readingOrder {index:8;} structure {type:catch-word;}">
      <Coords points="1640,2628 1640,2653 1681,2653 1681,2628"/>
      <TextLine id="line_1676619133303_82" custom="readingOrder {index:0;}">
        <Coords points="1640,2628 1640,2653 1681,2653 1681,2628"/>
        <Word id="word_1676619133413_85" custom="readingOrder {index:0;}">
          <Coords points="1681,2653 1640,2653 1640,2628 1681,2628"/>
          <TextEquiv>
            <Unicode>Ea</Unicode>
          </TextEquiv>
        </Word>
        <TextEquiv>
          <Unicode>Ea</Unicode>
        </TextEquiv>
      </TextLine>
      <TextEquiv>
        <Unicode>Ea</Unicode>
      </TextEquiv>
    </TextRegion>
  </Page>
</PcGts>
