1962 2689
721 404 740 430 p.
764 401 795 427 21

739 423 780 453 b

750 526 782 552 c

718 826 754 869 p.
754 826 808 869 22

766 883 781 902 a

750 1095 791 1138 b

812 394 918 428 Heinſ.
944 404 1016 426 cum
1034 396 1086 427 Pa.
1109 393 1211 429 Vhab.
1235 393 1374 435 Vpabcd.
1397 391 1490 425 Deeſt
1522 390 1606 425 ἀλλὰ
1627 392 1676 426 ed.
1701 392 1783 427 Ven.

815 436 849 467 &
875 437 953 476 Arg.
981 436 1032 468 Pb.
1059 437 1112 468 Pc.
1136 437 1180 469 Ρi.
1268 430 1448 465 ἐϰϰαλεῖται
1474 429 1511 465 τὸ
1532 443 1584 474 πρ.
1619 432 1784 472 Perperam

813 478 846 510 h.
864 479 884 509 l.
899 478 1081 515 ἐγϰαλεῖται
1102 478 1169 509 edd.
1191 479 1224 511 &
1246 478 1288 511 Pi.
1332 477 1445 509 Cæteri
1459 478 1548 508 codd.
1570 476 1654 507 recte
1674 476 1782 506 ἐϰϰαλ.

814 520 848 550 in
884 519 968 559 quod
1006 519 1097 559 paulo
1134 521 1201 559 poſt
1230 519 1425 551 conſentiunt
1458 526 1577 549 omnes.
1622 515 1640 558 ἡ
1668 519 1784 556 ϰίνησις

814 566 918 597 ἐνεδιδ.
969 565 1058 598 Deeſt
1087 565 1172 595 artic.
1201 565 1269 597 edd.
1301 565 1334 598 &
1361 565 1406 597 Pi.
1456 564 1578 596 Dedere
1606 572 1678 592 eum
1706 563 1785 601 Arg.

815 610 867 641 Pa.
896 609 946 640 Pb.
970 610 1020 640 Pc.
1063 602 1199 637 πάντα
1220 599 1266 647 ἦν.
1316 604 1513 637 Connexioni
1534 604 1684 635 orationis
1707 613 1785 634 con-

816 649 994 681 venientius
1013 650 1076 680 hoc
1095 648 1192 681 viſum
1216 648 1276 686 eſt,
1312 649 1394 689 quod
1413 648 1526 681 dedere
1550 648 1599 680 Pa.
1620 648 1654 680 &
1676 647 1733 687 (ex
1755 657 1787 680 v.

818 696 860 735 c.)
885 695 982 729 Vhab.
1006 695 1039 727 &
1065 695 1198 736 Vpabcd.
1222 701 1313 733 quam
1341 689 1500 729 πάντως
1528 686 1580 733 ἦν,
1623 692 1706 732 quod
1737 691 1789 723 ha-

819 739 875 769 bet
903 740 950 769 ed.
978 737 1056 770 Ven.
1087 745 1158 767 cum
1188 735 1265 776 Arg.
1294 737 1345 769 Pb.
1369 737 1419 768 Ρc.
1441 736 1485 770 Pi.
1528 737 1663 769 Temere
1682 730 1788 776 πάντη

821 775 858 822 ἦν
872 782 920 812 ed.
935 780 1039 813 Heinſ.

907 823 972 859 οἱα
998 832 1050 859 ἐπὶ
1076 829 1138 859 τῶν
1160 838 1238 866 σωμ.
1288 831 1379 860 Caret
1407 819 1455 859 οἷα
1475 829 1522 859 ed.
1544 828 1624 862 Ven.
1648 826 1683 861 &
1710 826 1789 866 Arg.

822 880 875 913 Pb.
897 879 947 911 Pc.
964 877 1007 909 Pi.
1031 876 1114 916 quod
1137 874 1341 917 adjiciendum
1357 884 1397 904 ex
1418 873 1550 915 conject.
1565 875 1680 905 viderat
1693 874 1790 909 Wolf.

821 920 857 952 &
878 919 989 960 adjecit
1008 918 1170 955 Heinſius,
1204 917 1356 958 babetque
1376 918 1426 948 Pa.
1449 919 1483 950 &
1504 918 1601 951 Vhab.
1624 917 1680 954 (ex
1700 925 1730 948 v.
1749 916 1790 954 c.)

823 961 857 992 &
877 959 994 1000 Vpabc.
1047 953 1091 998 μὴ
1111 954 1372 999 μεταβαινούσας.
1410 952 1454 995 μὴ
1469 953 1715 996 μεταβαίνοντες
1739 965 1793 986 ex-

822 1001 1050 1043 ſpectaveram;
1079 1001 1129 1032 ſed
1149 1002 1194 1033 nil
1215 1006 1336 1034 mutant
1357 1000 1445 1032 libri:
1475 1009 1556 1032 unus
1576 999 1652 1038 Arg.
1674 997 1718 1037 μὴ
1739 1007 1794 1034 με-

825 1037 1049 1083 ταβαινούσαις
1068 1041 1172 1075 habet.

911 1098 1077 1143 ὀρεϰτὸν
1099 1094 1169 1142 μὲν
1189 1098 1344 1138 δοϰοῦν,
1366 1102 1462 1132 πλέον
1483 1102 1515 1133 δὲ
1535 1099 1622 1140 ἔχον.
1667 1096 1795 1141 ὀρεϰτὸν

826 1143 923 1176 πλέον
944 1142 976 1176 δὲ
996 1137 1090 1183 ἔχον,
1130 1143 1245 1176 omiſſis
1268 1143 1367 1176 verbis
1390 1142 1448 1181 μὲν
1469 1137 1605 1180 δοϰοῦν,
1638 1143 1686 1173 ed.
1713 1142 1793 1175 Ven.

825 1200 899 1223 cum
927 1191 1005 1231 Arg.
1034 1193 1086 1226 Pb.
1111 1194 1158 1225 Pc.
1184 1184 1242 1231 Pi.
1257 1192 1310 1224 ubi
1338 1191 1387 1222 vel
1417 1187 1546 1231 ὀρεϰτὸν
1574 1188 1697 1226 delere,
1743 1191 1793 1221 vel

825 1231 956 1275 ὀρεϰτοῦ
977 1235 1008 1267 δὲ
1029 1236 1124 1267 πλέον
1151 1233 1227 1275 ἔχον
1253 1232 1383 1266 ſcribere
1404 1234 1530 1276 juſſerat
1547 1234 1647 1269 Wolf.
1670 1233 1704 1265 &
1732 1223 1795 1274 ὁρε-

827 1275 903 1309 ϰτòv
926 1278 1042 1310 delevit
1063 1278 1166 1309 Heinſ.
1197 1278 1242 1310 nil
1263 1273 1332 1309 niſi
1342 1278 1436 1307 πλέον
1459 1275 1489 1308 δὲ
1508 1273 1584 1315 ἔχον
1606 1269 1792 1314 relinquens.

826 1319 877 1349 Ad
900 1317 1026 1350 alteram
1039 1311 1151 1352 Wolfii
1169 1310 1321 1349 rationem
1346 1314 1471 1356 propius
1504 1314 1625 1347 accedit
1652 1314 1727 1353 Arg.
1761 1315 1795 1345 in

827 1366 890 1401 quo
915 1362 959 1394 eſt
977 1357 1106 1402 ὀρεϰτὸν
1136 1361 1168 1392 δὲ
1188 1361 1287 1403 (quod
1306 1352 1345 1391 ex
1372 1355 1543 1403 ὀρεϰτοῦ
1556 1357 1601 1393 δὲ
1615 1364 1795 1399 corruptum

827 1406 927 1437 videri
948 1403 1084 1446 poterat)
1112 1405 1206 1436 πλέον
1228 1395 1313 1443 ἔχον.
1365 1403 1426 1435 Sed
1449 1399 1576 1444 ὀρεϰτὸν
1597 1401 1654 1448 μὲν
1679 1400 1796 1439 δοϰοῦν,

831 1450 925 1480 πλέον
954 1448 988 1480 δὲ
1011 1447 1072 1479 &c.
1103 1448 1262 1488 perſpicue
1295 1442 1393 1480 dedit
1410 1448 1473 1479 Pa.
1491 1438 1694 1491 eamdemque
1713 1445 1794 1483 ſcri-

829 1493 949 1530 pturam
966 1499 1005 1521 ex
1020 1499 1050 1521 v.
1064 1500 1087 1520 c.
1103 1489 1287 1522 adnotarunt
1300 1490 1378 1523 Vha.
1394 1487 1428 1522 &
1441 1482 1569 1535 Pacd.

916 1544 966 1579 διὰ
984 1543 1042 1587 τὴν
1064 1546 1135 1587 περὶ
1157 1544 1196 1578 τὸ
1218 1545 1340 1579 εἴδωλον
1358 1543 1415 1577 τοῦ
1441 1543 1565 1587 ὁρεϰτοῦ
1587 1542 1797 1586 εὖπρἐπει-

830 1601 887 1622 αν.
939 1589 1044 1630 Vulgo
1076 1591 1147 1621 libri
1180 1591 1216 1621 ad
1246 1597 1341 1620 unum
1380 1597 1506 1626 omnes,
1544 1585 1594 1620 διὰ
1621 1585 1679 1629 τὴν
1702 1602 1729 1611 —
1759 1596 1795 1627 —

833 1630 956 1672 ὀρεϰτοῦ
979 1629 1185 1670 εὐπορίαν,
1215 1632 1247 1662 id
1267 1631 1329 1667 eſt,
1363 1630 1403 1661 ob
1424 1633 1554 1670 copiam,
1596 1630 1648 1659 vel
1663 1633 1796 1669 propter

831 1679 1029 1717 opulentiam,
1057 1687 1123 1718 quæ
1145 1679 1214 1722 ineſt
1235 1678 1364 1718 imagini
1385 1678 1430 1708 rei
1450 1677 1658 1721 deſiderabilis.
1702 1677 1796 1714 Quod

832 1730 903 1751 cum
925 1717 997 1751 ferri
1018 1720 1068 1751 vix
1088 1719 1169 1760 poſſe
1188 1720 1306 1752 videret
1327 1719 1478 1756 Wolfius,
1497 1715 1668 1757 ἀπορίαν
1689 1716 1797 1756 legen-

827 1762 901 1793 dum
923 1760 1060 1800 cenſuit,
1094 1759 1126 1792 &
1144 1765 1273 1802 propter
1290 1760 1523 1800 perplexitatem
1545 1759 1722 1792 adumbrati
1748 1759 1797 1790 bo-

827 1806 863 1837 ni
901 1806 1011 1843 vertit;
1052 1814 1143 1844 quam
1172 1804 1460 1845 interpretationem
1491 1810 1604 1838 tenens
1640 1802 1797 1841 Heinſius,

830 1858 969 1888 græcum
991 1854 1095 1879 tamen
1115 1846 1261 1890 εὐπορίαν
1283 1858 1346 1879 non
1368 1849 1455 1881 auſus
1475 1849 1518 1881 eſt
1538 1853 1665 1880 mutare.
1711 1848 1795 1882 Vlte-

830 1893 922 1922 rioris
962 1891 1225 1929 interpretationis
1262 1889 1362 1921 cauſſa
1394 1890 1473 1921 hanc
1499 1888 1614 1922 Notam
1643 1887 1797 1928 adjecerat

832 1933 996 1972 Wolfius:
996 1933 1108 1973 „Res,
1130 1933 1230 1975 inquit
1245 1927 1438 1975 Simplicius,
1460 1933 1539 1964 adeo
1551 1929 1707 1971 ambigua,
1730 1940 1796 1970 per-

830 1973 945 2014 „plexa
964 1975 997 2007 &
1019 1983 1131 2015 anceps
1153 1975 1212 2013 eſt,
1233 1980 1267 2007 ut
1287 1970 1367 2006 bona
1387 1984 1445 2012 ne,
1464 1984 1502 2005 an
1523 1969 1601 2006 mala
1622 1971 1677 2010 ſit,
1706 1974 1795 2006 ſtatui

830 2027 915 2051 „non
939 2019 1059 2059 poſſit.“
1102 2021 1178 2052 Mihi
1200 2029 1273 2051 vero
1291 2028 1353 2048 non
1368 2016 1476 2047 minus
1497 2017 1706 2058 perplexitatis
1725 2017 1794 2048 hæc

828 2063 891 2102 ipſa
912 2061 1072 2102 ſcriptura,
1102 2070 1192 2099 quam
1212 2060 1354 2099 vulgata,
1375 2060 1486 2092 habere
1507 2061 1567 2095 viſa
1589 2061 1661 2094 eſt.
1692 2060 1793 2094 Voca-

829 2104 938 2136 bulum
966 2100 1094 2143 εὐπορία
1115 2103 1208 2142 paulo
1227 2104 1294 2144 poſt
1317 2104 1371 2135 ſuo
1392 2103 1465 2134 loco
1490 2102 1574 2135 recte
1604 2101 1794 2142 ſequebatur,

830 2146 865 2178 &
889 2146 1052 2186 aliquoties
1075 2146 1167 2176 etiam
1189 2146 1400 2185 repetebatur:
1429 2146 1503 2176 illud
1529 2144 1666 2185 imperiti
1685 2145 1797 2176 librarii

830 2186 892 2221 huc
915 2188 1026 2229 pariter
1045 2188 1247 2228 invexerunt,
1266 2196 1336 2229 cum
1359 2189 1407 2225 id,
1444 2189 1527 2230 quod
1551 2188 1613 2218 hoc
1629 2188 1705 2230 loco
1730 2186 1794 2217 ſcri-
