1844 2738
700 372 782 427 278

693 704 799 820 T

792 728 835 771 ἧς
851 733 959 785 τρίτης
976 755 1063 784 φοὴς
1085 740 1103 777 ἡ
1119 739 1231 788 τροφὴ
1247 743 1302 788 καὶ
1310 746 1514 796 ἐντίςροφος
1526 750 1703 787 κώλων
1654 748 1708 787 γ

826 778 871 806 Το
892 774 925 804 α΄
944 776 1103 827 ἐαμίβινον
1118 777 1270 825 ἀΐμετρον
1286 785 1546 823 καταληκτικόν,
1609 784 1655 827 Τὸ
1671 781 1706 836 β

698 833 976 886 ἐπιχοριωμίβικον
1003 834 1155 892 δίμετρον
1179 843 1446 889 καταληκτικόν,
1497 848 1544 887 Τὸ
1567 850 1605 901 γ΄
1633 851 1702 891 ἰϑυ-

696 895 879 943 Φαλλικόν.
938 898 984 935 Τὸ
1008 894 1039 936 δ΄
1066 896 1243 952 τροχαϊκὸν
1269 896 1418 957 δίμμετρον
1446 903 1699 952 ἐκατάληκτον.

694 955 742 996 Τὸ
774 954 799 994 εἶ
830 957 867 995 τὸ
901 958 997 998 αὐτό,
1075 961 1123 1003 Τὸ
1155 961 1188 1006 ς΄
1226 961 1386 1018 ἰαμβικὸν
1421 965 1589 1021 τρίμετρον
1620 969 1701 1025 βρα-

694 1010 971 1055 χυκατάληκτον.
1017 1013 1063 1050 Τὸ
1081 1013 1116 1064 ζ΄
1133 1014 1291 1068 ἰαμβικὸν
1307 1017 1457 1071 δίμετρον
1475 1016 1700 1075 βραχυκατώ-

694 1070 824 1104 ληκτον.
854 1067 899 1101 Τὸ
918 1068 945 1105 ἡ
962 1072 1118 1105 ἰαμϑικὸν
1137 1072 1160 1104 δ
1163 1081 1290 1122 ἱμετρον
1311 1081 1571 1120 καταληκτικόν.
1599 1081 1646 1121 Τὸ
1663 1075 1700 1119 θ

693 1140 870 1177 τροχοίπον
893 1129 1085 1182 μονόμετρον
1103 1131 1417 1190 ὑπερκατάληκτον,
1483 1139 1531 1181 Τὸ
1548 1141 1567 1181 ἰ
1586 1141 1698 1195 ἰαμβ

692 1202 748 1224 κεν
764 1187 824 1224 δία
846 1204 913 1234 τον
932 1188 1247 1248 ὑπερκατάληκπτον,
1287 1196 1336 1238 Τὸ
1355 1198 1401 1237 ια΄
1419 1199 1601 1248 Σαπφικὸν
1617 1200 1697 1245 ἑνδε-

689 1244 931 1291 κασύλλαϑον,
960 1254 1005 1290 Τὸ
1023 1244 1068 1298 ίβ
1089 1249 1249 1307 ἰαμβιμὸν
1265 1250 1418 1312 δίμετρον
1435 1256 1696 1307 κπαταληκτικῦν.

688 1305 735 1349 Ἴο
754 1304 801 1357 ἐγ
814 1323 893 1362 τοῦγ
911 1308 993 1349 ἄρτον
1017 1308 1041 1349 δ
1043 1326 1167 1368 ἱμετρον
1187 1314 1443 1365 ἀκατάληκτον.

774 1372 850 1422 Πες.
881 1386 932 1413 τῆς
955 1368 1072 1424 ἐσωδβ
1097 1377 1196 1420 αὐτῇ,
1268 1380 1313 1420 Ὴ
1345 1377 1476 1434 ἐπωδὸς
1508 1381 1625 1424 κώλων
1656 1397 1693 1427 ἢ"

689 1428 752 1474 (ex
771 1432 830 1465 alia
848 1432 944 1468 verſs,
963 1432 1210 1487 deſcriptione)
1239 1434 1287 1475 Τὸ
1303 1433 1338 1474 αἵ
1353 1438 1575 1493 χοριαμίβικὸν
1591 1440 1693 1497 τρίμδ᾽

687 1497 761 1535 τρον
777 1494 1091 1541 ὑπερκαταλῆκτον,
1153 1495 1199 1535 Τὸ
1217 1493 1253 1541 β'
1272 1496 1431 1546 ἰαμβικὸν
1448 1502 1692 1544 πεντασύλλα-

687 1540 766 1590 βον,
803 1560 857 1590 καὶ
875 1544 1006 1589 Ἴωνικος
1031 1548 1038 1586 ὁ
1057 1548 1129 1589 ἀπὸ
1147 1547 1298 1606 διαφόξε
1317 1555 1443 1609 ἀρχῆς,
1480 1558 1557 1598 εἶτα
1586 1556 1691 1601 πάλιν

686 1602 819 1641 ἸἸωνικὸς
842 1605 856 1635 ὁ
882 1605 1113 1658 απεμφαίνων
1134 1605 1196 1645 διὰ
1214 1609 1269 1649 τὴν
1295 1617 1393 1649 λύσιν
1413 1616 1471 1665 καὶ
1496 1611 1688 1668 συλλαβήν.

687 1656 831 1705 δύναται,
847 1662 899 1708 καὶ
911 1663 983 1700 ὅλον
1002 1665 1043 1707 ὡς
1060 1666 1233 1718 ἰαμβικὸν,
1244 1678 1607 1727 π-αρακεχαραγμένον
1619 1672 1704 1727 μέντ᾽

685 1737 743 1770 τοι,
762 1717 821 1761 διὰ
838 1723 891 1762 τὸν
909 1730 1103 1768 τελευταῖον
1122 1726 1231 1771 πόδα,
1266 1736 1312 1772 Τὸ
1328 1732 1365 1786 γ΄
1379 1733 1530 1789 δίμετρον
1552 1744 1688 1791 χοριαμ:

684 1778 777 1829 βικὸν
792 1782 1051 1828 καταληχτικόν.
1120 1790 1167 1831 Τὸ
1184 1787 1218 1831 δ΄
1232 1787 1327 1832 δοκεῖ
1341 1794 1587 1837 ἀντισπτατικοὸν
1604 1797 1686 1840 εἶναι

681 1838 730 1873 Τὸ
749 1838 775 1870 εἶ
790 1840 1013 1890 χοειαμβικὸν
1026 1845 1192 1894 τρίμετρον
1217 1844 1251 1893 3:
1256 1848 1562 1895 αχυκατάληκτον,
1596 1849 1644 1894 Τὸ
1659 1843 1702 1890 ς

683 1899 935 1937 ἀντισπατικὸν
953 1908 1122 1953 τρίμετρον
1142 1910 1407 1949 καταληκτικόν,
1445 1911 1492 1949 Ὑὸ
1509 1911 1544 1964 Φ΄
1562 1905 1686 1953 Ἴων

681 1959 876 2016 μεονόμετρον
894 1965 1144 2010 παταληκτικὸν
1162 1964 1222 2008 δύο
1241 1972 1445 2028 συλλαβῶν.
1502 1978 1549 2018 Τὸ
1568 1980 1597 2024 χ΄
1607 1976 1686 2020 δακ’

681 2019 814 2055 τυλικὸν
840 2022 931 2071 τετρὰ
945 2033 1056 2073 μετρὸν
1073 2027 1176 2078 παρὰ
1190 2028 1245 2068 τὴν
1262 2032 1291 2063 ἐν
1315 2033 1444 2082 ἀρχαῖς
1463 2032 1657 2084 συλλαβήν.

765 2081 842 2136 Περὶ
860 2081 919 2125 τῆς
936 2084 1134 2140 ἐπιγραφῆς
1150 2086 1250 2129 αὐτῇ,
1309 2091 1502 2149 ᾿Αριφοκλεῖ
1519 2092 1681 2149 Αἰγινήτῆ'

679 2137 821 2173 Αἴγνα,
860 2142 926 2178 μία
949 2142 1043 2172 νῆσος
1068 2147 1130 2171 τῶν
1155 2141 1360 2191 Σποράδων,
1403 2154 1537 2196 ἀντικρὺ
1561 2136 1682 2182 κεμιένῃ

679 2196 734 2233 τῆς
753 2197 923 2236 Ἀττικῆς,
949 2201 1094 2237 ἄπορος
1111 2206 1174 2234 τῶν
1190 2206 1357 2257 ᾿Αργείων.
1405 2212 1489 2245 ἔοικε
1507 2209 1544 2246 δὲ
1558 2199 1683 2265 βραδυ-

678 2268 767 2307 τερῦν
784 2256 953 2304 ἀποδιδὸς
973 2263 1028 2300 τὸν
1046 2264 1207 2313 ἐπίνικον,
1240 2266 1398 2307 σπεύδειν
1415 2271 1582 2328 γράφειν,
1607 2272 1683 2310 ἴσως

677 2332 732 2365 κι
751 2318 807 2361 τῆς
825 2319 1041 2376 πανηγύρεως
1062 2325 1328 2380 κατεπειγδσης,
