<PcGts xmlns="http://schema.primaresearch.org/PAGE/gts/pagecontent/2019-07-15" xmlns:xsi="http://www.w3.org/2001/XMLSchema-instance" pcGtsId="PAGE_01" xsi:schemaLocation="http://schema.primaresearch.org/PAGE/gts/pagecontent/2019-07-15 http://schema.primaresearch.org/PAGE/gts/pagecontent/2019-07-15/pagecontent.xsd">
  <Metadata>
    <Creator>OCR-D DFG Phase III</Creator>
    <Created>2024-01-19T13:07:04Z</Created>
    <LastChange>2024-01-19T13:07:04Z</LastChange>
    <Comments>ODEM: OCR-D extension for mass digitization (2021-2024)</Comments>
  </Metadata>
  <Page imageFilename="urn+nbn+de+gbv+3+1-115313-p0479-6_lat+ger+grc.jpg" imageWidth="1680" imageHeight="2417" type="content" secondaryLanguage="German" primaryLanguage="Latin">
    <Border>
      <Coords points="100,257 90,2330 1292,2326 1311,261"/>
    </Border>
    <ReadingOrder>
      <OrderedGroup id="ro_1678105716961" caption="Regions reading order">
        <RegionRefIndexed index="2" regionRef="region0003"/>
        <RegionRefIndexed index="3" regionRef="region0004"/>
        <RegionRefIndexed index="4" regionRef="region0005"/>
        <RegionRefIndexed index="5" regionRef="region0006"/>
        <RegionRefIndexed index="6" regionRef="TextRegion_1676284478871_679"/>
      </OrderedGroup>
    </ReadingOrder>
    <TextRegion orientation="-0.14768142" readingDirection="left-to-right" id="region0003" custom="readingOrder {index:2;}">
      <Coords points="103,382 1107,385 1105,1105 101,1102"/>
      <TextLine id="region0003_line0001" custom="readingOrder {index:0;}">
        <Coords points="127,382 123,390 103,390 103,436 142,436 147,439 175,436 183,441 212,443 222,448 249,440 255,440 263,448 269,448 274,444 330,442 348,447 369,441 416,444 426,449 443,444 512,443 514,447 527,449 533,442 561,444 583,440 595,443 620,441 632,444 645,440 703,445 729,443 748,450 756,445 794,442 798,445 877,446 884,453 895,452 902,446 915,444 985,446 990,443 1004,443 1017,447 1106,448 1106,398 1065,395 1060,391 1037,395 1028,385 1020,385 1010,394 998,394 992,389 982,389 975,394 917,395 902,394 900,388 894,384 890,384 875,386 869,394 817,394 812,384 795,384 786,394 738,394 692,398 646,397 639,387 627,387 620,394 614,388 598,388 591,397 549,397 547,392 538,386 528,386 514,396 508,396 500,388 491,388 485,393 478,393 473,389 452,392 444,388 429,388 422,393 376,398 370,388 353,387 347,391 345,400 338,400 278,396 272,395 266,387 253,387 245,391 237,384 224,384 220,387 208,385 202,390 195,390 187,384 179,384 171,390 149,390 146,382"/>
        <Word id="region0003_line0001_word0000" custom="readingOrder {index:0;}">
          <Coords points="270,392 129,392 129,436 142,436 147,439 175,436 183,441 212,443 214,444 233,444 249,440 255,440 259,444 273,444 274,444 316,442 316,398 278,396 272,395"/>
          <TextEquiv>
            <Unicode>irꝛdiſches</Unicode>
          </TextEquiv>
        </Word>
        <Word id="region0003_line0001_word0001" custom="readingOrder {index:1;}">
          <Coords points="374,396 345,396 345,400 338,400 335,399 335,443 362,443 369,441 400,443 447,443 447,396 394,396 376,398"/>
          <TextEquiv conf="0.88574046">
            <Unicode>Hauß</Unicode>
          </TextEquiv>
        </Word>
        <Word id="region0003_line0001_word0002" custom="readingOrder {index:2;}">
          <Coords points="507,395 460,395 460,443 512,443 532,443 533,442 547,443 566,443 569,442 569,397 549,397 548,395 515,395 514,396 508,396"/>
          <TextEquiv conf="0.91299856">
            <Unicode>dieſer</Unicode>
          </TextEquiv>
        </Word>
        <Word id="region0003_line0001_word0003" custom="readingOrder {index:3;}">
          <Coords points="646,396 592,396 591,397 582,397 582,440 583,440 591,442 605,442 620,441 625,442 637,442 645,440 676,443 716,443 716,397 704,397 692,398 646,397"/>
          <TextEquiv>
            <Unicode>Huͤtten</Unicode>
          </TextEquiv>
        </Word>
        <Word id="region0003_line0001_word0004" custom="readingOrder {index:4;}">
          <Coords points="816,393 786,393 786,394 738,394 735,394 735,445 739,447 752,447 756,445 794,442 798,445 877,446 878,447 900,447 902,446 915,444 948,444 948,394 917,395 902,394 901,393 869,393 869,394 817,394"/>
          <TextEquiv conf="0.9299286">
            <Unicode>zerbrochen</Unicode>
          </TextEquiv>
        </Word>
        <Word id="region0003_line0001_word0005" custom="readingOrder {index:5;}">
          <Coords points="1075,395 978,395 978,445 985,446 990,443 1004,443 1017,447 1103,447 1103,397"/>
          <TextEquiv conf="0.8686581">
            <Unicode>wird,</Unicode>
          </TextEquiv>
        </Word>
        <TextEquiv>
          <Unicode>irꝛdiſches Hauß dieſer Huͤtten zerbrochen wird,</Unicode>
        </TextEquiv>
      </TextLine>
      <TextLine id="region0003_line0002" custom="readingOrder {index:1;}">
        <Coords points="127,437 103,438 102,448 102,493 106,495 162,491 166,494 189,492 199,496 231,498 349,500 363,497 380,501 409,495 417,500 551,499 595,504 648,504 659,498 671,498 677,502 724,502 730,508 738,508 747,500 756,500 840,503 843,508 851,510 859,508 862,503 937,502 981,503 997,512 1002,512 1001,502 1009,499 1019,506 1059,505 1065,502 1072,502 1082,508 1105,506 1106,449 1103,448 1091,451 1076,448 1072,453 1060,453 990,444 983,448 934,452 928,445 915,445 910,447 908,452 870,454 800,452 794,443 779,443 768,451 748,451 729,444 708,447 657,441 645,441 634,445 620,442 595,444 584,441 561,445 533,443 527,450 490,447 426,450 372,442 348,448 333,445 308,449 263,449 255,441 249,441 239,447 222,449 213,445 184,443 175,437 159,441"/>
        <Word id="region0003_line0002_word0000" custom="readingOrder {index:0;}">
          <Coords points="195,494 196,450 109,450 108,494 162,491 166,494 189,492"/>
          <TextEquiv>
            <Unicode>wir</Unicode>
          </TextEquiv>
        </Word>
        <Word id="region0003_line0002_word0001" custom="readingOrder {index:1;}">
          <Coords points="225,452 326,453 325,497 224,496"/>
          <TextEquiv conf="0.9684988">
            <Unicode>einen</Unicode>
          </TextEquiv>
        </Word>
        <Word id="region0003_line0002_word0002" custom="readingOrder {index:2;}">
          <Coords points="415,499 444,499 445,453 347,453 346,499 353,499 363,497 371,499 389,499 409,495"/>
          <TextEquiv conf="0.9644583">
            <Unicode>Bau</Unicode>
          </TextEquiv>
        </Word>
        <Word id="region0003_line0002_word0003" custom="readingOrder {index:3;}">
          <Coords points="475,454 546,454 545,497 474,497"/>
          <TextEquiv conf="0.9593465">
            <Unicode>aus</Unicode>
          </TextEquiv>
        </Word>
        <Word id="region0003_line0002_word0004" custom="readingOrder {index:4;}">
          <Coords points="708,502 709,452 578,451 577,502 577,502 651,503 659,498 671,498 677,502"/>
          <TextEquiv conf="0.9593465">
            <Unicode>GOtt</Unicode>
          </TextEquiv>
        </Word>
        <Word id="region0003_line0002_word0005" custom="readingOrder {index:5;}">
          <Coords points="800,452 727,452 726,504 728,506 740,506 747,500 756,500 840,503 841,506 860,506 862,503 863,502 863,453"/>
          <TextEquiv conf="0.93985593">
            <Unicode>haben,</Unicode>
          </TextEquiv>
        </Word>
        <Word id="region0003_line0002_word0006" custom="readingOrder {index:6;}">
          <Coords points="894,453 951,453 950,497 893,497"/>
          <TextEquiv conf="0.93294203">
            <Unicode>ein</Unicode>
          </TextEquiv>
        </Word>
        <Word id="region0003_line0002_word0007" custom="readingOrder {index:7;}">
          <Coords points="1048,451 978,451 977,502 981,503 991,509 1001,509 1001,502 1009,499 1019,506 1059,505 1065,502 1072,502 1082,508 1099,506 1100,452 1072,451 1072,453 1060,453"/>
          <TextEquiv conf="0.93103904">
            <Unicode>Hauß</Unicode>
          </TextEquiv>
        </Word>
        <TextEquiv>
          <Unicode>wir einen Bau aus GOtt haben, ein Hauß</Unicode>
        </TextEquiv>
      </TextLine>
      <TextLine id="region0003_line0003" custom="readingOrder {index:2;}">
        <Coords points="150,492 143,498 102,497 102,547 122,548 134,545 172,553 203,555 242,552 275,555 291,553 296,556 351,560 363,566 380,559 481,556 522,559 533,567 551,567 568,558 624,557 649,558 660,564 672,564 677,560 696,561 702,569 712,569 718,562 733,562 740,569 750,569 757,561 767,560 986,560 1045,563 1078,572 1105,571 1105,512 1083,511 1072,503 1062,504 1056,510 1044,510 1038,505 1020,509 1009,500 1002,502 1002,513 994,512 981,504 968,504 962,508 911,504 898,508 866,508 851,511 815,508 811,503 797,503 792,508 768,508 765,503 756,501 747,501 738,509 699,506 694,502 678,505 671,499 659,499 648,505 453,505 448,500 437,500 431,505 418,505 417,501 409,496 398,497 390,503 355,498 346,502 286,505 257,503 253,500 200,499 189,493 176,493 168,497 162,492"/>
        <Word id="region0003_line0003_word0000" custom="readingOrder {index:0;}">
          <Coords points="217,553 217,505 125,505 125,547 134,545 172,553 203,555"/>
          <TextEquiv conf="0.89746994">
            <Unicode>nicht</Unicode>
          </TextEquiv>
        </Word>
        <Word id="region0003_line0003_word0001" custom="readingOrder {index:1;}">
          <Coords points="241,513 316,514 316,552 241,551"/>
          <TextEquiv conf="0.9617279">
            <Unicode>von</Unicode>
          </TextEquiv>
        </Word>
        <Word id="region0003_line0003_word0002" custom="readingOrder {index:2;}">
          <Coords points="383,502 346,502 342,502 342,559 351,560 359,564 367,564 380,559 481,556 506,557 506,505 453,505 450,502 434,502 431,505 418,505 417,502 391,502 390,503"/>
          <TextEquiv>
            <Unicode>Haͤnden</Unicode>
          </TextEquiv>
        </Word>
        <Word id="region0003_line0003_word0003" custom="readingOrder {index:3;}">
          <Coords points="676,503 650,503 648,505 531,505 531,560 563,560 568,558 624,557 649,558 653,560 676,560 677,560 693,560 720,561 720,507 699,506 696,503 684,503 678,505"/>
          <TextEquiv conf="0.9325203">
            <Unicode>gemacht,</Unicode>
          </TextEquiv>
        </Word>
        <Word id="region0003_line0003_word0004" custom="readingOrder {index:4;}">
          <Coords points="768,508 740,508 740,561 757,561 767,560 889,560 889,508 866,508 851,511 815,508 792,508"/>
          <TextEquiv conf="0.9675303">
            <Unicode>ſondern</Unicode>
          </TextEquiv>
        </Word>
        <Word id="region0003_line0003_word0005" custom="readingOrder {index:5;}">
          <Coords points="912,509 983,509 983,552 912,552"/>
          <TextEquiv conf="0.9329924">
            <Unicode>das</Unicode>
          </TextEquiv>
        </Word>
        <Word id="region0003_line0003_word0006" custom="readingOrder {index:6;}">
          <Coords points="1010,501 1005,501 1003,501 1003,560 1006,561 1100,562 1100,511 1083,511 1072,503 1062,504 1056,510 1044,510 1038,505 1020,509"/>
          <TextEquiv>
            <Unicode>ewig</Unicode>
          </TextEquiv>
        </Word>
        <TextEquiv>
          <Unicode>nicht von Haͤnden gemacht, ſondern das ewig</Unicode>
        </TextEquiv>
      </TextLine>
      <TextLine id="region0003_line0004" custom="readingOrder {index:3;}">
        <Coords points="128,546 120,553 102,553 102,606 130,608 138,616 147,616 153,610 188,611 226,616 242,615 260,625 267,625 275,616 473,614 484,613 496,605 496,571 489,565 386,564 384,560 380,560 363,567 354,563 298,561 291,554 268,558 262,553 242,553 235,558 200,560 197,555 192,554 178,553 173,556 153,548"/>
        <Word id="region0003_line0004_word0000" custom="readingOrder {index:0;}">
          <Coords points="165,610 165,557 126,557 126,607 130,608 135,613 150,613 153,610"/>
          <TextEquiv conf="0.9310486">
            <Unicode>iſt</Unicode>
          </TextEquiv>
        </Word>
        <Word id="region0003_line0004_word0001" custom="readingOrder {index:1;}">
          <Coords points="220,609 220,549 216,552 181,554 180,552 180,606 207,610"/>
          <TextEquiv conf="0.9148662">
            <Unicode>in</Unicode>
          </TextEquiv>
        </Word>
        <Word id="region0003_line0004_word0002" custom="readingOrder {index:2;}">
          <Coords points="297,560 232,560 232,616 242,615 248,618 273,618 275,616 434,614 434,564 386,564 384,561 378,561 363,567 354,563 298,561"/>
          <TextEquiv conf="0.9191353">
            <Unicode>Himmlen.</Unicode>
          </TextEquiv>
        </Word>
        <TextEquiv>
          <Unicode>iſt in Himmlen.</Unicode>
        </TextEquiv>
      </TextLine>
      <TextLine id="region0003_line0005" custom="readingOrder {index:4;}">
        <Coords points="165,612 158,622 124,623 113,627 112,663 115,667 136,673 266,676 275,686 286,685 291,676 336,676 347,679 357,675 425,675 429,678 440,678 444,675 486,675 498,672 538,674 545,680 551,680 558,672 627,674 635,675 643,683 652,683 660,675 720,676 738,679 765,677 773,687 782,686 786,679 832,678 1018,678 1063,679 1075,682 1105,681 1105,640 1096,640 1095,630 1089,624 1075,625 1067,638 1017,637 1013,629 1005,624 986,624 978,636 928,638 924,625 911,624 905,631 904,639 884,639 883,631 877,624 864,622 858,628 857,639 835,639 831,629 824,624 804,625 798,630 796,638 785,638 781,636 780,626 774,622 761,624 755,635 751,636 648,631 647,624 642,619 629,620 624,631 606,631 599,621 584,620 579,624 577,632 565,633 560,620 548,619 540,624 537,634 511,634 504,619 492,618 486,624 485,635 477,623 460,623 456,626 454,635 395,636 394,620 389,616 380,616 364,623 361,637 279,636 264,635 259,625 242,616 235,617 232,623 193,622 186,612"/>
        <Word id="region0003_line0005_word0000" custom="readingOrder {index:0;}">
          <Coords points="188,616 168,616 168,670 361,673 361,638 279,636 264,635 259,625 242,616 238,616 235,617 232,623 193,622"/>
          <TextEquiv>
            <Unicode>Ὄιδαμεν,</Unicode>
          </TextEquiv>
        </Word>
        <Word id="region0003_line0005_word0002" custom="readingOrder {index:1;}">
          <Coords points="390,617 377,617 371,619 371,663 439,663 439,635 395,636 394,620"/>
          <TextEquiv>
            <Unicode>ὅτι,</Unicode>
          </TextEquiv>
        </Word>
        <Word id="region0003_line0005_word0003" custom="readingOrder {index:2;}">
          <Coords points="504,621 489,621 486,624 485,635 477,623 460,623 460,660 519,660 519,634 511,634"/>
          <TextEquiv>
            <Unicode>ἐὰν</Unicode>
          </TextEquiv>
        </Word>
        <Word id="region0003_line0005_word0004" custom="readingOrder {index:3;}">
          <Coords points="536,634 536,666 556,666 556,622 543,622 540,624 537,634"/>
          <TextEquiv>
            <Unicode>ἡ</Unicode>
          </TextEquiv>
        </Word>
        <Word id="region0003_line0005_word0005" custom="readingOrder {index:4;}">
          <Coords points="599,621 583,621 582,622 582,668 726,669 726,635 648,631 647,624 644,621 628,621 624,631 606,631"/>
          <TextEquiv>
            <Unicode>ἐπίγειος</Unicode>
          </TextEquiv>
        </Word>
        <Word id="region0003_line0005_word0006" custom="readingOrder {index:5;}">
          <Coords points="754,635 754,670 840,670 840,639 835,639 831,629 824,624 804,625 798,630 796,638 785,638 781,636 780,626 774,622 761,624 755,635"/>
          <TextEquiv>
            <Unicode>ἡμῶν</Unicode>
          </TextEquiv>
        </Word>
        <Word id="region0003_line0005_word0007" custom="readingOrder {index:6;}">
          <Coords points="859,627 859,670 945,670 945,637 928,638 924,625 911,624 905,631 904,639 884,639 883,631 877,624 864,622"/>
          <TextEquiv>
            <Unicode>ὀιϰία</Unicode>
          </TextEquiv>
        </Word>
        <Word id="region0003_line0005_word0008" custom="readingOrder {index:7;}">
          <Coords points="962,636 962,660 1008,660 1008,625 1005,624 986,624 978,636"/>
          <TextEquiv>
            <Unicode>τϫ</Unicode>
          </TextEquiv>
        </Word>
        <Word id="region0003_line0005_word0009" custom="readingOrder {index:8;}">
          <Coords points="1024,637 1024,664 1099,665 1099,640 1096,640 1095,630 1089,624 1075,625 1067,638"/>
          <TextEquiv>
            <Unicode>σϰή-</Unicode>
          </TextEquiv>
        </Word>
        <TextEquiv>
          <Unicode>Ὄιδαμεν, ὅτι, ἐὰν ἡ ἐπίγειος ἡμῶν ὀιϰία τϫ σϰή-</Unicode>
        </TextEquiv>
      </TextLine>
      <TextLine id="region0003_line0006" custom="readingOrder {index:5;}">
        <Coords points="498,673 491,678 491,693 461,694 453,694 451,685 444,679 431,680 425,694 423,682 416,678 337,678 328,682 326,692 320,692 310,685 302,684 294,691 233,691 180,685 102,683 102,726 243,733 371,734 378,729 391,735 515,733 522,743 534,742 539,733 569,735 576,732 638,730 715,733 747,741 801,742 806,746 817,746 824,739 852,736 864,739 880,736 988,736 1011,738 1025,749 1092,749 1098,745 1099,737 1105,736 1105,697 1038,695 1036,686 1029,681 1016,682 1012,687 1011,696 955,696 954,688 948,681 937,682 932,694 926,696 912,696 910,686 903,681 889,682 885,696 838,696 772,693 772,687 765,678 741,680 736,692 732,679 720,677 705,678 699,688 691,687 682,681 663,681 654,687 632,688 625,688 615,677 603,677 598,681 596,690 578,691 572,675 558,673 552,680 552,691 523,692 515,675"/>
        <Word id="region0003_line0006_word0000" custom="readingOrder {index:0;}">
          <Coords points="128,687 182,687 182,716 128,716"/>
          <TextEquiv>
            <Unicode>νϫς</Unicode>
          </TextEquiv>
        </Word>
        <Word id="word_1640160302768_374" custom="readingOrder {index:1;}">
          <Coords points="209,693 332,680 402,680 402,724 310,724 209,719"/>
          <TextEquiv>
            <Unicode>ϰαταλυϑῆ,</Unicode>
          </TextEquiv>
        </Word>
        <Word id="region0003_line0006_word0003" custom="readingOrder {index:2;}">
          <Coords points="515,675 495,675 491,678 491,693 461,694 453,694 451,685 444,679 431,680 428,687 428,730 584,730 584,690 578,691 572,675 556,675 552,680 552,691 523,692"/>
          <TextEquiv>
            <Unicode>ὀιϰοδομὴν</Unicode>
          </TextEquiv>
        </Word>
        <Word id="region0003_line0006_word0004" custom="readingOrder {index:3;}">
          <Coords points="619,682 601,682 601,719 636,719 636,687 632,688 625,688"/>
          <TextEquiv>
            <Unicode>ἐϰ</Unicode>
          </TextEquiv>
        </Word>
        <Word id="region0003_line0006_word0005" custom="readingOrder {index:4;}">
          <Coords points="656,685 656,719 728,720 728,680 704,679 699,688 691,687 682,681 663,681"/>
          <TextEquiv>
            <Unicode>ϴεϫ</Unicode>
          </TextEquiv>
        </Word>
        <Word id="region0003_line0006_word0006" custom="readingOrder {index:5;}">
          <Coords points="745,679 745,729 877,729 877,696 838,696 772,693 772,687 765,678"/>
          <TextEquiv>
            <Unicode>ἔχομεν,</Unicode>
          </TextEquiv>
        </Word>
        <Word id="region0003_line0006_word0007" custom="readingOrder {index:6;}">
          <Coords points="887,689 887,718 987,718 987,696 955,696 954,688 948,681 937,682 932,694 926,696 912,696 910,686 903,681 889,682"/>
          <TextEquiv>
            <Unicode>ὀιϰίαν</Unicode>
          </TextEquiv>
        </Word>
        <Word id="region0003_line0006_word0008" custom="readingOrder {index:7;}">
          <Coords points="1002,696 1002,730 1099,731 1099,696 1038,695 1036,686 1029,681 1016,682 1012,687 1011,696"/>
          <TextEquiv>
            <Unicode>ἀχει-</Unicode>
          </TextEquiv>
        </Word>
        <TextEquiv>
          <Unicode>νϫς ϰαταλυϑῆ, ὀιϰοδομὴν ἐϰ ϴεϫ ἔχομεν, ὀιϰίαν ἀχει-</Unicode>
        </TextEquiv>
      </TextLine>
      <TextLine id="region0003_line0007" custom="readingOrder {index:6;}">
        <Coords points="378,730 370,738 360,740 357,750 352,752 231,747 230,739 225,733 212,733 204,745 142,742 102,744 102,791 120,791 125,795 136,795 146,788 165,787 210,788 223,793 233,793 238,789 300,793 359,791 429,793 460,790 480,792 497,788 536,786 624,788 629,798 642,800 649,796 652,787 703,789 730,793 791,791 798,790 803,785 803,755 800,751 732,749 726,740 707,739 698,749 639,747 635,736 620,733 614,737 610,746 592,746 585,738 564,738 557,746 499,747 492,736 477,735 472,739 469,749 410,751 406,736 391,736"/>
        <Word id="region0003_line0007_word0000" custom="readingOrder {index:0;}">
          <Coords points="125,742 119,787 314,787 320,749 231,747 230,739 225,733 212,733 204,745 142,742"/>
          <TextEquiv>
            <Unicode>ϱοποίητον,</Unicode>
          </TextEquiv>
        </Word>
        <Word id="region0003_line0007_word0002" custom="readingOrder {index:1;}">
          <Coords points="338,751 338,775 458,775 458,749 410,751 406,736 391,736 378,730 370,738 360,740 357,750 352,752"/>
          <TextEquiv>
            <Unicode>αίώνιον</Unicode>
          </TextEquiv>
        </Word>
        <Word id="region0003_line0007_word0003" custom="readingOrder {index:2;}">
          <Coords points="475,736 475,776 505,776 505,746 499,747 492,736 477,735"/>
          <TextEquiv>
            <Unicode>ἐν</Unicode>
          </TextEquiv>
        </Word>
        <Word id="region0003_line0007_word0004" custom="readingOrder {index:3;}">
          <Coords points="585,739 563,739 557,746 527,746 527,771 596,771 596,746 592,746"/>
          <TextEquiv>
            <Unicode>τοῖς</Unicode>
          </TextEquiv>
        </Word>
        <Word id="region0003_line0007_word0005" custom="readingOrder {index:4;}">
          <Coords points="625,734 618,734 614,737 610,746 610,784 744,785 744,749 732,749 726,740 707,739 698,749 639,747 635,736"/>
          <TextEquiv>
            <Unicode>ϫϱανοῖς.</Unicode>
          </TextEquiv>
        </Word>
        <TextEquiv>
          <Unicode>ϱοποίητον, αίώνιον ἐν τοῖς ϫϱανοῖς.</Unicode>
        </TextEquiv>
      </TextLine>
      <TextLine id="region0003_line0008" custom="readingOrder {index:7;}">
        <Coords points="486,791 473,793 470,806 458,807 269,806 248,804 225,795 123,796 114,798 110,803 110,837 114,847 123,852 212,854 402,855 428,852 441,854 446,858 455,858 460,854 500,853 1105,858 1105,809 1039,808 1032,798 1019,798 1015,795 1001,796 994,807 982,807 980,799 973,794 960,795 954,799 944,792 926,795 916,807 899,807 897,800 890,794 877,795 871,806 791,803 776,806 679,805 596,804 590,793 571,791 557,793 551,804 541,804 539,795 534,791"/>
        <Word id="region0003_line0008_word0000" custom="readingOrder {index:0;}">
          <Coords points="245,803 178,803 178,844 288,844 288,806 269,806 248,804"/>
          <TextEquiv conf="0.91725403">
            <Unicode>Mors</Unicode>
          </TextEquiv>
        </Word>
        <Word id="region0003_line0008_word0001" custom="readingOrder {index:1;}">
          <Coords points="319,813 453,813 453,849 319,849"/>
          <TextEquiv conf="0.91610426">
            <Unicode>autem</Unicode>
          </TextEquiv>
        </Word>
        <Word id="region0003_line0008_word0002" custom="readingOrder {index:2;}">
          <Coords points="540,801 480,801 480,844 656,844 656,804 596,804 594,801 552,801 551,804 541,804"/>
          <TextEquiv conf="0.9120262">
            <Unicode>ſidelium</Unicode>
          </TextEquiv>
        </Word>
        <Word id="region0003_line0008_word0003" custom="readingOrder {index:3;}">
          <Coords points="682,814 705,815 705,844 682,843"/>
          <TextEquiv conf="0.9198143">
            <Unicode>a</Unicode>
          </TextEquiv>
        </Word>
        <Word id="region0003_line0008_word0004" custom="readingOrder {index:4;}">
          <Coords points="731,811 860,811 860,845 731,845"/>
          <TextEquiv conf="0.91055435">
            <Unicode>morte</Unicode>
          </TextEquiv>
        </Word>
        <Word id="region0003_line0008_word0005" custom="readingOrder {index:5;}">
          <Coords points="897,801 878,801 878,846 1099,847 1099,808 1039,808 1034,801 997,801 994,807 982,807 980,801 920,801 916,807 899,807"/>
          <TextEquiv conf="0.9003696">
            <Unicode>infidelium</Unicode>
          </TextEquiv>
        </Word>
        <TextEquiv>
          <Unicode>Mors autem ſidelium a morte infidelium</Unicode>
        </TextEquiv>
      </TextLine>
      <TextLine id="region0003_line0009" custom="readingOrder {index:8;}">
        <Coords points="418,853 399,857 368,854 360,856 356,864 348,865 312,865 312,856 308,853 291,854 285,864 220,863 136,856 102,857 101,875 101,906 217,911 481,913 555,906 560,901 560,867 555,862 439,863 438,856"/>
        <Word id="region0003_line0009_word0000" custom="readingOrder {index:0;}">
          <Coords points="124,869 211,869 211,904 124,904"/>
          <TextEquiv conf="0.928629">
            <Unicode>toto</Unicode>
          </TextEquiv>
        </Word>
        <Word id="region0003_line0009_word0001" custom="readingOrder {index:1;}">
          <Coords points="312,861 286,861 285,864 229,863 229,904 334,905 334,865 312,865"/>
          <TextEquiv>
            <Unicode>cœlo</Unicode>
          </TextEquiv>
        </Word>
        <Word id="region0003_line0009_word0002" custom="readingOrder {index:2;}">
          <Coords points="439,863 356,863 356,864 352,864 352,907 497,907 497,863"/>
          <TextEquiv conf="0.90217173">
            <Unicode>differt.</Unicode>
          </TextEquiv>
        </Word>
        <TextEquiv>
          <Unicode>toto cœlo differt.</Unicode>
        </TextEquiv>
      </TextLine>
      <TextLine id="region0003_line0010" custom="readingOrder {index:9;}">
        <Coords points="527,910 482,913 465,921 434,925 357,921 320,926 273,916 234,914 112,915 105,921 105,955 110,960 128,960 130,965 142,970 212,977 444,977 447,981 459,982 469,977 512,972 566,972 570,975 618,975 630,972 654,979 665,971 680,971 713,975 728,983 733,981 736,975 785,976 818,973 857,974 882,982 892,981 898,977 924,978 925,983 930,985 940,985 948,979 961,982 966,978 990,978 999,979 1003,986 1013,989 1029,988 1039,980 1104,980 1104,928 1055,926 1050,921 1039,921 1033,926 1018,926 1009,914 990,917 974,914 966,920 964,926 949,926 943,914 929,913 917,926 911,916 889,914 848,915 825,924 774,925 772,919 765,914 755,914 748,920 744,917 727,916 719,921 713,921 666,913 643,913 639,910 589,916 562,910"/>
        <Word id="region0003_line0010_word0000" custom="readingOrder {index:0;}">
          <Coords points="287,919 179,919 179,973 212,977 293,977 293,920"/>
          <TextEquiv conf="0.87184817">
            <Unicode>Pſal.</Unicode>
          </TextEquiv>
        </Word>
        <Word id="region0003_line0010_word0001" custom="readingOrder {index:1;}">
          <Coords points="300,931 390,932 390,973 300,972"/>
          <TextEquiv>
            <Unicode>116:</Unicode>
          </TextEquiv>
        </Word>
        <Word id="region0003_line0010_word0002" custom="readingOrder {index:2;}">
          <Coords points="486,975 486,936 423,936 423,977 444,977 444,978 467,978 469,977"/>
          <TextEquiv conf="0.89652246">
            <Unicode>15.</Unicode>
          </TextEquiv>
        </Word>
        <Word id="region0003_line0010_word0003" custom="readingOrder {index:3;}">
          <Coords points="607,975 607,925 526,925 526,972 566,972 570,975"/>
          <TextEquiv conf="0.95581335">
            <Unicode>Der</Unicode>
          </TextEquiv>
        </Word>
        <Word id="region0003_line0010_word0004" custom="readingOrder {index:4;}">
          <Coords points="691,972 691,920 623,920 623,973 630,972 654,979 665,971 680,971"/>
          <TextEquiv conf="0.95581335">
            <Unicode>Tod</Unicode>
          </TextEquiv>
        </Word>
        <Word id="region0003_line0010_word0005" custom="readingOrder {index:5;}">
          <Coords points="831,973 831,928 720,928 720,978 728,983 733,981 736,975 785,976 818,973"/>
          <TextEquiv conf="0.9318161">
            <Unicode>ſeiner</Unicode>
          </TextEquiv>
        </Word>
        <Word id="region0003_line0010_word0006" custom="readingOrder {index:6;}">
          <Coords points="917,925 856,925 856,974 857,974 882,982 892,981 898,977 924,978 925,983 926,983 942,983 948,979 961,982 966,978 990,978 999,979 1002,984 1034,984 1039,980 1097,980 1097,928 1055,926 1055,926 1033,926 1033,926 1018,926 1018,926 964,925 964,926 949,926 949,925 918,925 917,926"/>
          <TextEquiv conf="0.9275172">
            <Unicode>Geheiligten</Unicode>
          </TextEquiv>
        </Word>
        <TextEquiv>
          <Unicode>Pſal. 116: 15. Der Tod ſeiner Geheiligten</Unicode>
        </TextEquiv>
      </TextLine>
      <TextLine id="region0003_line0011" custom="readingOrder {index:10;}">
        <Coords points="127,966 120,974 101,974 101,1031 129,1033 136,1041 145,1041 152,1034 197,1036 203,1042 212,1042 219,1036 314,1035 320,1035 328,1041 337,1041 343,1034 409,1033 415,1026 425,1026 433,1033 526,1035 564,1032 567,1037 575,1039 582,1039 593,1029 602,1029 625,1041 637,1039 638,1032 657,1033 664,1040 679,1039 684,1033 764,1034 796,1038 808,1044 825,1043 830,1039 1014,1033 1020,1027 1020,994 1017,990 976,984 946,983 930,986 882,983 857,975 763,976 757,980 725,984 715,977 708,980 685,979 684,974 680,972 665,972 654,980 630,973 616,976 614,980 572,978 566,973 512,973 485,976 459,983 429,982 418,978 360,983 331,983 326,979 316,979 310,984 251,989 222,987 217,986 211,979 190,981 178,976 142,971"/>
        <Word id="region0003_line0011_word0000" custom="readingOrder {index:0;}">
          <Coords points="129,1033 164,1033 164,975 126,975 126,1032"/>
          <TextEquiv conf="0.9294783">
            <Unicode>iſt</Unicode>
          </TextEquiv>
        </Word>
        <Word id="region0003_line0011_word0001" custom="readingOrder {index:1;}">
          <Coords points="217,986 180,986 180,1032 304,1032 304,986 286,986 251,989 222,987"/>
          <TextEquiv conf="0.9276194">
            <Unicode>theuer</Unicode>
          </TextEquiv>
        </Word>
        <Word id="region0003_line0011_word0002" custom="readingOrder {index:2;}">
          <Coords points="315,986 386,986 386,1031 315,1031"/>
          <TextEquiv conf="0.9640573">
            <Unicode>vor</Unicode>
          </TextEquiv>
        </Word>
        <Word id="region0003_line0011_word0003" custom="readingOrder {index:3;}">
          <Coords points="427,1028 490,1028 490,986 407,986 407,1028 413,1028 415,1026 425,1026"/>
          <TextEquiv conf="0.96783876">
            <Unicode>dem</Unicode>
          </TextEquiv>
        </Word>
        <Word id="region0003_line0011_word0004" custom="readingOrder {index:4;}">
          <Coords points="702,1033 702,981 508,980 508,1034 526,1035 564,1032 567,1037 572,1038 582,1038 593,1029 602,1029 620,1038 637,1038 638,1032 657,1033 662,1038 679,1038 684,1033"/>
          <TextEquiv conf="0.28684005">
            <Unicode>Angeſicht</Unicode>
          </TextEquiv>
        </Word>
        <Word id="region0003_line0011_word0005" custom="readingOrder {index:5;}">
          <Coords points="776,1038 776,976 742,976 736,980 708,984 708,1034 743,1034 775,1038"/>
          <TextEquiv conf="0.9330501">
            <Unicode>des</Unicode>
          </TextEquiv>
        </Word>
        <Word id="region0003_line0011_word0006" custom="readingOrder {index:6;}">
          <Coords points="964,1034 964,983 946,983 930,986 882,983 857,975 790,975 790,1043 825,1043 830,1039"/>
          <TextEquiv>
            <Unicode>HErꝛen.</Unicode>
          </TextEquiv>
        </Word>
        <TextEquiv>
          <Unicode>iſt theuer vor dem Angeſicht des HErꝛen.</Unicode>
        </TextEquiv>
      </TextLine>
      <TextLine id="region0003_line0012" custom="readingOrder {index:11;}">
        <Coords points="415,1027 409,1034 415,1039 403,1040 398,1045 398,1071 401,1075 434,1076 438,1086 449,1097 458,1097 462,1094 462,1077 469,1076 471,1083 477,1087 496,1084 498,1094 507,1102 521,1101 530,1087 537,1087 545,1097 554,1097 559,1093 564,1097 591,1095 598,1099 614,1098 622,1088 657,1089 666,1102 682,1102 687,1096 700,1099 704,1096 710,1103 727,1103 730,1099 754,1101 760,1091 796,1091 802,1099 820,1100 825,1098 830,1090 836,1093 838,1103 858,1103 861,1092 901,1095 903,1103 929,1103 931,1095 934,1103 955,1103 959,1094 983,1093 997,1093 999,1103 1031,1103 1038,1093 1039,1085 1104,1084 1104,1046 991,1042 808,1045 800,1042 743,1041 625,1042 604,1039 602,1030 593,1030 582,1040 432,1039 433,1034 427,1028"/>
        <Word id="region0003_line0012_word0004" custom="readingOrder {index:0;}">
          <Coords points="1053,1102 1042,1053 981,1053 981,1093 983,1093 997,1093 998,1100"/>
          <TextEquiv>
            <Unicode>יָקָﬧ</Unicode>
          </TextEquiv>
        </Word>
        <Word id="region0003_line0012_word0003" custom="readingOrder {index:1;}">
          <Coords points="961,1093 961,1051 873,1051 873,1092 901,1095 902,1101 929,1101 931,1095 933,1101 955,1101 959,1094"/>
          <TextEquiv>
            <Unicode>בְּעֵ׳נֵי</Unicode>
          </TextEquiv>
        </Word>
        <Word id="region0003_line0012_word0002" custom="readingOrder {index:2;}">
          <Coords points="837,1101 855,1101 855,1049 778,1049 778,1091 796,1091 802,1099 820,1100 825,1098 830,1090 836,1093"/>
          <TextEquiv>
            <Unicode>ְיְהוַה</Unicode>
          </TextEquiv>
        </Word>
        <Word id="region0003_line0012_word0001" custom="readingOrder {index:3;}">
          <Coords points="755,1099 755,1053 634,1052 634,1088 657,1089 664,1099 684,1099 687,1096 700,1099 704,1096 707,1100 729,1100 730,1099 741,1100 755,1100"/>
          <TextEquiv>
            <Unicode>הַסׇּוְחָה</Unicode>
          </TextEquiv>
        </Word>
        <Word id="word_1640247773244_135" custom="readingOrder {index:4;}">
          <Coords points="432,1042 619,1042 619,1097 432,1097"/>
          <TextEquiv>
            <Unicode>לַחֲםִידׇיר׃</Unicode>
          </TextEquiv>
        </Word>
        <TextEquiv>
          <Unicode>יָקָﬧ בְּעֵ׳נֵי ְיְהוַה הַסׇּוְחָה לַחֲםִידׇיר׃</Unicode>
        </TextEquiv>
      </TextLine>
      <TextEquiv>
        <Unicode>irꝛdiſches Hauß dieſer Huͤtten zerbrochen wird,&#13;
wir einen Bau aus GOtt haben, ein Hauß&#13;
nicht von Haͤnden gemacht, ſondern das ewig&#13;
iſt in Himmlen.&#13;
Ὄιδαμεν, ὅτι, ἐὰν ἡ ἐπίγειος ἡμῶν ὀιϰία τϫ σϰή-&#13;
νϫς ϰαταλυϑῆ, ὀιϰοδομὴν ἐϰ ϴεϫ ἔχομεν, ὀιϰίαν ἀχει-&#13;
ϱοποίητον, αίώνιον ἐν τοῖς ϫϱανοῖς.&#13;
Mors autem ſidelium a morte infidelium&#13;
toto cœlo differt.&#13;
Pſal. 116: 15. Der Tod ſeiner Geheiligten&#13;
iſt theuer vor dem Angeſicht des HErꝛen.&#13;
לַחֲםִידׇיר׃ הַסׇּוְחָה ְיְהוַה בְּעֵ׳נֵי יָקָﬧ</Unicode>
      </TextEquiv>
    </TextRegion>
    <TextRegion orientation="-0.14768142" readingDirection="left-to-right" id="region0004" custom="readingOrder {index:3;}">
      <Coords points="116,1107 1104,1110 1103,1603 115,1600"/>
      <TextLine id="region0004_line0001" custom="readingOrder {index:0;}">
        <Coords points="246,1107 238,1117 211,1111 116,1112 116,1158 127,1158 131,1163 167,1171 188,1181 207,1177 216,1184 301,1182 312,1168 358,1169 363,1173 372,1173 377,1169 498,1166 514,1169 857,1172 895,1175 1103,1173 1103,1126 1043,1124 1041,1116 1035,1111 1023,1112 1017,1124 959,1122 950,1113 933,1112 924,1122 884,1125 755,1122 751,1109 728,1109 724,1123 646,1121 644,1113 638,1108 609,1108 603,1113 601,1121 591,1121 587,1108 569,1108 565,1113 561,1108 535,1108 527,1120 509,1120 503,1108 484,1108 480,1120 266,1121 262,1110 249,1107"/>
        <Word id="region0004_line0001_word0000" custom="readingOrder {index:0;}">
          <Coords points="230,1115 177,1115 177,1175 305,1175 312,1168 338,1168 338,1120 266,1121 264,1115 239,1115 238,1117"/>
          <TextEquiv conf="0.9273094">
            <Unicode>Quippe</Unicode>
          </TextEquiv>
        </Word>
        <Word id="region0004_line0001_word0001" custom="readingOrder {index:1;}">
          <Coords points="358,1131 463,1131 463,1166 358,1166"/>
          <TextEquiv conf="0.92918324">
            <Unicode>mors</Unicode>
          </TextEquiv>
        </Word>
        <Word id="region0004_line0001_word0002" custom="readingOrder {index:2;}">
          <Coords points="509,1119 487,1119 487,1166 498,1166 509,1168 705,1169 705,1123 646,1121 646,1120 601,1120 601,1121 591,1121 591,1119 528,1119 527,1120 509,1120"/>
          <TextEquiv conf="0.92349136">
            <Unicode>infidelium</Unicode>
          </TextEquiv>
        </Word>
        <Word id="region0004_line0001_word0003" custom="readingOrder {index:3;}">
          <Coords points="753,1117 725,1117 724,1123 717,1122 717,1165 884,1165 884,1125 755,1122"/>
          <TextEquiv conf="0.915111">
            <Unicode>damnum</Unicode>
          </TextEquiv>
        </Word>
        <Word id="region0004_line0001_word0004" custom="readingOrder {index:4;}">
          <Coords points="901,1123 901,1166 957,1166 957,1121 924,1121 924,1122"/>
          <TextEquiv conf="0.8702328">
            <Unicode>eſt</Unicode>
          </TextEquiv>
        </Word>
        <Word id="region0004_line0001_word0005" custom="readingOrder {index:5;}">
          <Coords points="1042,1120 1018,1120 1017,1124 970,1122 970,1165 1099,1166 1099,1125 1043,1124"/>
          <TextEquiv>
            <Unicode>animæ</Unicode>
          </TextEquiv>
        </Word>
        <TextEquiv>
          <Unicode>Quippe mors infidelium damnum eſt animæ</Unicode>
        </TextEquiv>
      </TextLine>
      <TextLine id="region0004_line0002" custom="readingOrder {index:1;}">
        <Coords points="132,1164 116,1166 116,1224 147,1226 155,1218 160,1218 168,1227 252,1228 259,1236 268,1236 275,1229 318,1232 322,1223 327,1221 337,1229 476,1227 481,1232 490,1232 497,1227 579,1227 588,1233 597,1230 600,1235 608,1238 624,1236 627,1229 681,1230 693,1231 703,1244 714,1245 722,1232 755,1232 759,1235 896,1232 937,1230 942,1225 942,1191 936,1185 601,1179 581,1178 579,1171 574,1169 548,1172 541,1178 527,1178 525,1170 498,1167 489,1168 487,1176 472,1176 467,1169 460,1168 453,1170 448,1176 393,1178 361,1184 355,1184 353,1176 348,1172 335,1174 328,1169 312,1169 301,1184 295,1186 217,1186 207,1178 199,1178 190,1184 173,1174"/>
        <Word id="region0004_line0002_word0000" custom="readingOrder {index:0;}">
          <Coords points="124,1172 163,1172 163,1214 124,1214"/>
          <TextEquiv conf="0.8949634">
            <Unicode>&amp;</Unicode>
          </TextEquiv>
        </Word>
        <Word id="region0004_line0002_word0001" custom="readingOrder {index:1;}">
          <Coords points="331,1171 310,1171 301,1184 295,1186 217,1186 207,1178 199,1178 190,1184 183,1179 183,1224 321,1224 322,1223 327,1221 331,1224 393,1225 393,1178 361,1184 355,1184 353,1176 348,1172 335,1174"/>
          <TextEquiv>
            <Unicode>ἀντιμιϑία,</Unicode>
          </TextEquiv>
        </Word>
        <Word id="region0004_line0002_word0003" custom="readingOrder {index:2;}">
          <Coords points="467,1170 453,1170 448,1176 409,1177 409,1222 595,1222 595,1178 581,1178 579,1171 576,1170 565,1170 548,1172 541,1178 527,1178 525,1170 488,1170 487,1176 472,1176"/>
          <TextEquiv conf="0.8808812">
            <Unicode>retaliatio</Unicode>
          </TextEquiv>
        </Word>
        <Word id="region0004_line0002_word0004" custom="readingOrder {index:3;}">
          <Coords points="680,1229 680,1185 607,1185 607,1230 626,1230 627,1229"/>
          <TextEquiv conf="0.927119">
            <Unicode>pro</Unicode>
          </TextEquiv>
        </Word>
        <Word id="region0004_line0002_word0005" custom="readingOrder {index:4;}">
          <Coords points="702,1185 879,1185 879,1231 702,1231"/>
          <TextEquiv conf="0.8978416">
            <Unicode>peccato.</Unicode>
          </TextEquiv>
        </Word>
        <TextEquiv>
          <Unicode>&amp; ἀντιμιϑία, retaliatio pro peccato.</Unicode>
        </TextEquiv>
      </TextLine>
      <TextLine id="region0004_line0003" custom="readingOrder {index:2;}">
        <Coords points="524,1233 474,1238 376,1236 355,1242 302,1244 294,1233 278,1235 273,1244 242,1243 223,1235 116,1235 116,1280 130,1280 134,1285 163,1288 171,1292 175,1292 181,1286 190,1286 197,1293 206,1294 217,1285 222,1286 229,1294 310,1295 316,1299 325,1299 330,1295 350,1297 366,1294 441,1294 461,1297 475,1291 538,1297 594,1298 605,1289 616,1297 700,1292 745,1296 763,1301 770,1297 882,1297 1000,1305 1039,1297 1047,1300 1103,1298 1103,1249 1069,1247 1040,1237 966,1236 950,1238 929,1247 902,1246 895,1241 869,1245 860,1240 827,1247 792,1247 787,1242 777,1242 771,1247 760,1244 727,1247 669,1242 663,1237 650,1237 646,1240 625,1236 608,1239 596,1233"/>
        <Word id="region0004_line0003_word0000" custom="readingOrder {index:0;}">
          <Coords points="233,1239 176,1239 176,1291 181,1286 190,1286 197,1293 206,1294 217,1285 222,1286 229,1294 310,1295 316,1299 322,1299 322,1243 302,1244 298,1239 275,1239 273,1244 242,1243"/>
          <TextEquiv conf="0.725717">
            <Unicode>Matth.</Unicode>
          </TextEquiv>
        </Word>
        <Word id="region0004_line0003_word0001" custom="readingOrder {index:1;}">
          <Coords points="345,1249 404,1249 404,1293 345,1293"/>
          <TextEquiv conf="0.96371245">
            <Unicode>16:</Unicode>
          </TextEquiv>
        </Word>
        <Word id="region0004_line0003_word0002" custom="readingOrder {index:2;}">
          <Coords points="502,1293 502,1251 437,1251 437,1294 441,1294 454,1296 463,1296 475,1291"/>
          <TextEquiv conf="0.9607521">
            <Unicode>26.</Unicode>
          </TextEquiv>
        </Word>
        <Word id="region0004_line0003_word0003" custom="readingOrder {index:3;}">
          <Coords points="664,1294 664,1248 559,1248 559,1295 597,1295 605,1289 613,1295 649,1295"/>
          <TextEquiv conf="0.9321755">
            <Unicode>Was</Unicode>
          </TextEquiv>
        </Word>
        <Word id="region0004_line0003_word0004" custom="readingOrder {index:4;}">
          <Coords points="808,1297 808,1254 695,1253 695,1292 700,1292 745,1296 754,1298 767,1298 770,1297"/>
          <TextEquiv conf="0.91767937">
            <Unicode>nutzte</Unicode>
          </TextEquiv>
        </Word>
        <Word id="region0004_line0003_word0005" custom="readingOrder {index:5;}">
          <Coords points="824,1251 864,1251 864,1292 824,1292"/>
          <TextEquiv conf="0.96923333">
            <Unicode>es</Unicode>
          </TextEquiv>
        </Word>
        <Word id="region0004_line0003_word0006" custom="readingOrder {index:6;}">
          <Coords points="884,1252 953,1252 953,1293 884,1293"/>
          <TextEquiv conf="0.9578489">
            <Unicode>den</Unicode>
          </TextEquiv>
        </Word>
        <Word id="region0004_line0003_word0007" custom="readingOrder {index:7;}">
          <Coords points="1084,1247 973,1247 973,1300 1022,1300 1039,1297 1047,1300 1098,1298 1098,1248"/>
          <TextEquiv>
            <Unicode>Men⸗</Unicode>
          </TextEquiv>
        </Word>
        <TextEquiv>
          <Unicode>Matth. 16: 26. Was nutzte es den Men⸗</Unicode>
        </TextEquiv>
      </TextLine>
      <TextLine id="region0004_line0004" custom="readingOrder {index:3;}">
        <Coords points="126,1286 116,1287 116,1350 122,1354 152,1348 176,1352 183,1356 195,1353 220,1353 231,1359 243,1353 472,1350 480,1342 486,1341 496,1350 513,1348 526,1357 533,1357 545,1347 554,1350 593,1349 595,1352 606,1354 620,1348 645,1345 705,1353 730,1349 783,1349 794,1359 800,1360 821,1359 825,1355 965,1357 972,1358 977,1365 988,1365 996,1358 1103,1358 1103,1305 1078,1304 1073,1300 1060,1303 1039,1298 1018,1304 978,1307 862,1303 857,1299 844,1299 837,1303 810,1303 770,1298 763,1302 745,1297 675,1292 617,1300 605,1290 594,1300 494,1300 492,1294 475,1292 467,1299 443,1297 426,1300 324,1303 284,1301 278,1296 266,1296 259,1301 221,1301 229,1295 222,1287 216,1286 207,1294 212,1300 202,1301 192,1299 197,1294 190,1287 181,1287 175,1293 171,1293 163,1289"/>
        <Word id="region0004_line0004_word0000" custom="readingOrder {index:0;}">
          <Coords points="244,1352 244,1301 221,1301 229,1295 222,1287 216,1286 207,1294 212,1300 202,1301 192,1299 197,1294 190,1287 181,1287 175,1293 171,1293 163,1289 126,1286 122,1286 122,1353 127,1353 152,1348 176,1352 177,1353 195,1353 220,1353 243,1353"/>
          <TextEquiv conf="0.9131503">
            <Unicode>ſchen,</Unicode>
          </TextEquiv>
        </Word>
        <Word id="region0004_line0004_word0001" custom="readingOrder {index:1;}">
          <Coords points="263,1304 377,1305 377,1345 263,1344"/>
          <TextEquiv conf="0.896438">
            <Unicode>wann</Unicode>
          </TextEquiv>
        </Word>
        <Word id="region0004_line0004_word0002" custom="readingOrder {index:2;}">
          <Coords points="393,1310 433,1310 433,1343 393,1343"/>
          <TextEquiv conf="0.896438">
            <Unicode>er</Unicode>
          </TextEquiv>
        </Word>
        <Word id="region0004_line0004_word0003" custom="readingOrder {index:3;}">
          <Coords points="455,1298 448,1298 448,1342 480,1342 486,1341 487,1342 504,1342 504,1300 494,1300 493,1298 468,1298 467,1299"/>
          <TextEquiv conf="0.92272407">
            <Unicode>die</Unicode>
          </TextEquiv>
        </Word>
        <Word id="region0004_line0004_word0004" custom="readingOrder {index:4;}">
          <Coords points="607,1292 602,1292 594,1300 518,1300 518,1351 520,1353 537,1353 545,1347 554,1350 593,1349 595,1352 600,1353 608,1353 620,1348 640,1345 640,1296 617,1300"/>
          <TextEquiv conf="0.9212294">
            <Unicode>gantze</Unicode>
          </TextEquiv>
        </Word>
        <Word id="region0004_line0004_word0005" custom="readingOrder {index:5;}">
          <Coords points="763,1302 667,1301 667,1347 776,1348 776,1302 763,1302 763,1302"/>
          <TextEquiv conf="0.9309543">
            <Unicode>Welt</Unicode>
          </TextEquiv>
        </Word>
        <Word id="region0004_line0004_word0006" custom="readingOrder {index:6;}">
          <Coords points="891,1304 794,1304 794,1355 825,1355 997,1355 997,1305 978,1307"/>
          <TextEquiv conf="0.9227998">
            <Unicode>gewunne,</Unicode>
          </TextEquiv>
        </Word>
        <Word id="region0004_line0004_word0007" custom="readingOrder {index:7;}">
          <Coords points="1049,1300 1031,1300 1018,1304 1018,1348 1097,1349 1097,1304 1078,1304 1073,1300 1070,1300 1060,1303"/>
          <TextEquiv conf="0.9271872">
            <Unicode>litte</Unicode>
          </TextEquiv>
        </Word>
        <TextEquiv>
          <Unicode>ſchen, wann er die gantze Welt gewunne, litte</Unicode>
        </TextEquiv>
      </TextLine>
      <TextLine id="region0004_line0005" custom="readingOrder {index:4;}">
        <Coords points="483,1342 473,1350 474,1355 443,1355 411,1360 390,1356 379,1363 363,1363 357,1355 346,1355 337,1362 313,1361 305,1353 289,1356 243,1354 231,1360 221,1356 176,1358 171,1357 169,1352 149,1349 141,1353 116,1355 115,1383 115,1406 190,1410 194,1413 274,1413 279,1417 307,1417 313,1413 367,1410 400,1410 408,1415 417,1415 423,1409 452,1413 457,1408 487,1407 493,1407 501,1414 511,1415 518,1407 531,1410 536,1406 547,1405 599,1405 625,1409 695,1409 726,1407 733,1413 742,1413 752,1407 778,1410 783,1406 793,1405 799,1401 801,1393 816,1391 821,1386 820,1360 794,1360 783,1350 770,1350 760,1355 730,1350 723,1355 717,1355 645,1346 620,1349 606,1355 558,1355 553,1350 545,1348 533,1358 526,1358 513,1349 506,1349 494,1355 495,1350"/>
        <Word id="region0004_line0005_word0000" custom="readingOrder {index:0;}">
          <Coords points="155,1350 147,1350 141,1353 124,1354 124,1402 209,1402 209,1356 176,1358 171,1357 169,1352"/>
          <TextEquiv conf="0.9304373">
            <Unicode>aber</Unicode>
          </TextEquiv>
        </Word>
        <Word id="region0004_line0005_word0001" custom="readingOrder {index:1;}">
          <Coords points="309,1357 236,1357 231,1360 226,1358 226,1404 416,1405 416,1359 411,1360 400,1357 387,1357 379,1363 363,1363 359,1357 342,1357 337,1362 313,1361"/>
          <TextEquiv conf="0.9168382">
            <Unicode>Schaden</Unicode>
          </TextEquiv>
        </Word>
        <Word id="region0004_line0005_word0002" custom="readingOrder {index:2;}">
          <Coords points="484,1343 481,1343 473,1350 474,1355 443,1355 434,1356 434,1403 486,1403 486,1344"/>
          <TextEquiv conf="0.9231584">
            <Unicode>an</Unicode>
          </TextEquiv>
        </Word>
        <Word id="region0004_line0005_word0003" custom="readingOrder {index:3;}">
          <Coords points="521,1355 501,1355 500,1407 518,1407 534,1407 536,1406 547,1405 599,1405 612,1407 613,1355 606,1355 558,1355 536,1355 533,1358 526,1358"/>
          <TextEquiv conf="0.92264855">
            <Unicode>ſeiner</Unicode>
          </TextEquiv>
        </Word>
        <Word id="region0004_line0005_word0004" custom="readingOrder {index:4;}">
          <Coords points="790,1356 634,1355 633,1407 718,1408 726,1407 727,1408 751,1408 752,1407 759,1408 781,1408 783,1406 789,1405 790,1356"/>
          <TextEquiv conf="0.91463065">
            <Unicode>Seele?</Unicode>
          </TextEquiv>
        </Word>
        <TextEquiv>
          <Unicode>aber Schaden an ſeiner Seele?</Unicode>
        </TextEquiv>
      </TextLine>
      <TextLine id="region0004_line0006" custom="readingOrder {index:5;}">
        <Coords points="459,1411 443,1419 440,1431 368,1430 365,1422 359,1418 340,1419 332,1430 317,1425 265,1425 257,1419 248,1419 240,1427 213,1418 204,1418 200,1421 115,1421 115,1454 142,1456 143,1469 147,1474 164,1477 244,1479 258,1476 264,1482 280,1474 316,1475 327,1471 504,1472 508,1481 521,1483 533,1471 623,1470 633,1474 649,1469 847,1477 853,1478 862,1491 872,1490 878,1478 903,1477 1055,1479 1057,1486 1064,1492 1102,1490 1102,1438 980,1435 975,1429 974,1420 960,1415 929,1417 924,1422 923,1436 898,1436 852,1434 851,1424 844,1417 832,1418 823,1433 787,1432 784,1423 777,1417 767,1418 762,1424 761,1431 719,1431 715,1420 709,1415 698,1416 694,1420 693,1430 691,1422 682,1416 671,1417 665,1429 514,1428 507,1416 498,1413 484,1415 476,1428 474,1416 468,1411"/>
        <Word id="region0004_line0006_word0000" custom="readingOrder {index:0;}">
          <Coords points="173,1421 173,1461 216,1461 216,1420 201,1420 200,1421"/>
          <TextEquiv>
            <Unicode>Τὶ</Unicode>
          </TextEquiv>
        </Word>
        <Word id="region0004_line0006_word0001" custom="readingOrder {index:1;}">
          <Coords points="258,1420 246,1420 240,1427 232,1424 232,1467 421,1468 421,1430 368,1430 365,1422 363,1420 338,1420 332,1430 317,1425 265,1425"/>
          <TextEquiv>
            <Unicode>ὠφελεῖται</Unicode>
          </TextEquiv>
        </Word>
        <Word id="region0004_line0006_word0002" custom="readingOrder {index:2;}">
          <Coords points="472,1415 451,1415 443,1419 440,1431 438,1430 438,1470 646,1468 646,1426 514,1428 507,1416 504,1415 484,1415 476,1428 474,1416"/>
          <TextEquiv>
            <Unicode>ἄνϑϱωπος,</Unicode>
          </TextEquiv>
        </Word>
        <Word id="region0004_line0006_word0004" custom="readingOrder {index:3;}">
          <Coords points="683,1417 670,1417 669,1421 669,1456 726,1457 726,1431 719,1431 715,1420 712,1417 696,1417 694,1420 693,1430 691,1422"/>
          <TextEquiv>
            <Unicode>ἐὰν</Unicode>
          </TextEquiv>
        </Word>
        <Word id="region0004_line0006_word0005" custom="readingOrder {index:4;}">
          <Coords points="779,1419 766,1419 762,1424 761,1431 732,1431 732,1458 794,1458 794,1432 787,1432 784,1423"/>
          <TextEquiv>
            <Unicode>τὸν</Unicode>
          </TextEquiv>
        </Word>
        <Word id="region0004_line0006_word0006" custom="readingOrder {index:5;}">
          <Coords points="804,1432 804,1474 922,1474 922,1436 898,1436 852,1434 851,1424 844,1417 832,1418 823,1433"/>
          <TextEquiv>
            <Unicode>ϰίσμον</Unicode>
          </TextEquiv>
        </Word>
        <Word id="region0004_line0006_word0007" custom="readingOrder {index:6;}">
          <Coords points="929,1414 927,1471 1015,1473 1017,1435 980,1435 975,1429 974,1420 960,1415"/>
          <TextEquiv>
            <Unicode>ὅλον</Unicode>
          </TextEquiv>
        </Word>
        <Word id="region0004_line0006_word0008" custom="readingOrder {index:7;}">
          <Coords points="1027,1436 1027,1471 1096,1472 1096,1437"/>
          <TextEquiv>
            <Unicode>ϰεϱ-</Unicode>
          </TextEquiv>
        </Word>
        <TextEquiv>
          <Unicode>Τὶ ὠφελεῖται ἄνϑϱωπος, ἐὰν τὸν ϰίσμον ὅλον ϰεϱ-</Unicode>
        </TextEquiv>
      </TextLine>
      <TextLine id="region0004_line0007" custom="readingOrder {index:6;}">
        <Coords points="126,1465 120,1471 121,1487 115,1487 115,1529 139,1530 145,1536 156,1536 162,1531 176,1530 184,1541 190,1543 197,1542 203,1535 216,1537 224,1531 261,1532 268,1538 281,1538 291,1524 296,1524 303,1532 377,1533 383,1538 405,1535 424,1539 439,1537 446,1540 496,1530 533,1528 585,1528 635,1538 661,1535 666,1539 676,1539 684,1532 752,1531 765,1533 767,1545 776,1549 785,1548 790,1539 794,1542 860,1540 871,1539 876,1534 876,1507 873,1503 851,1500 828,1492 796,1489 794,1482 787,1476 766,1477 762,1480 752,1474 743,1474 733,1479 729,1489 687,1489 663,1487 659,1475 649,1470 631,1475 628,1485 612,1485 607,1475 593,1473 579,1475 574,1485 548,1486 543,1473 533,1472 521,1487 485,1488 477,1473 465,1473 460,1479 459,1488 404,1488 398,1473 385,1473 380,1477 377,1489 346,1490 339,1474 327,1472 315,1477 315,1491 292,1489 290,1479 284,1475 268,1482 263,1490 203,1490 167,1489 165,1478 147,1475 138,1465"/>
        <Word id="region0004_line0007_word0000" custom="readingOrder {index:0;}">
          <Coords points="140,1468 123,1468 122,1469 122,1529 139,1530 143,1534 158,1534 162,1531 176,1530 178,1534 218,1534 218,1490 203,1490 167,1489 165,1478 147,1475"/>
          <TextEquiv>
            <Unicode>δήση,</Unicode>
          </TextEquiv>
        </Word>
        <Word id="region0004_line0007_word0001" custom="readingOrder {index:1;}">
          <Coords points="285,1476 281,1476 268,1482 263,1490 238,1490 238,1523 298,1523 298,1489 292,1489 290,1479"/>
          <TextEquiv>
            <Unicode>τήν</Unicode>
          </TextEquiv>
        </Word>
        <Word id="region0004_line0007_word0002" custom="readingOrder {index:2;}">
          <Coords points="316,1476 316,1516 349,1516 349,1489 346,1490 339,1474 327,1472"/>
          <TextEquiv>
            <Unicode>δε</Unicode>
          </TextEquiv>
        </Word>
        <Word id="region0004_line0007_word0003" custom="readingOrder {index:3;}">
          <Coords points="398,1475 382,1475 380,1477 377,1489 370,1489 370,1526 492,1526 492,1487 485,1488 478,1475 463,1475 460,1479 459,1488 404,1488"/>
          <TextEquiv>
            <Unicode>ψυχὴν</Unicode>
          </TextEquiv>
        </Word>
        <Word id="region0004_line0007_word0004" custom="readingOrder {index:4;}">
          <Coords points="544,1477 529,1477 521,1487 512,1487 512,1516 604,1516 604,1477 578,1477 574,1485 548,1486"/>
          <TextEquiv>
            <Unicode>ἁυτϫ</Unicode>
          </TextEquiv>
        </Word>
        <Word id="region0004_line0007_word0005" custom="readingOrder {index:5;}">
          <Coords points="657,1474 634,1474 631,1475 629,1482 629,1535 660,1535 661,1535 661,1535 680,1535 684,1532 752,1531 765,1533 765,1536 808,1536 808,1490 796,1489 794,1482 787,1476 766,1477 762,1480 753,1475 742,1475 733,1479 729,1489 687,1489 663,1487 659,1475"/>
          <TextEquiv>
            <Unicode>ζημιωϑῆ;</Unicode>
          </TextEquiv>
        </Word>
        <TextEquiv>
          <Unicode>δήση, τήν δε ψυχὴν ἁυτϫ ζημιωϑῆ;</Unicode>
        </TextEquiv>
      </TextLine>
      <TextLine id="region0004_line0008" custom="readingOrder {index:7;}">
        <Coords points="124,1537 115,1537 115,1596 280,1599 545,1600 600,1597 726,1598 731,1601 1102,1602 1102,1557 1067,1556 1062,1550 1049,1550 1042,1543 1029,1543 1021,1553 1014,1550 990,1551 978,1548 940,1547 933,1544 921,1547 856,1549 849,1546 837,1548 832,1544 819,1544 810,1548 806,1545 796,1545 790,1550 776,1550 756,1544 696,1548 691,1542 680,1542 674,1548 666,1543 658,1543 651,1548 601,1548 593,1542 584,1542 576,1546 553,1543 459,1541 361,1541 319,1547 230,1550 209,1538 202,1538 197,1543 190,1544 179,1537"/>
        <Word id="region0004_line0008_word0000" custom="readingOrder {index:0;}">
          <Coords points="175,1550 290,1552 290,1597 175,1595"/>
          <TextEquiv conf="0.9430796">
            <Unicode>Rom.</Unicode>
          </TextEquiv>
        </Word>
        <Word id="region0004_line0008_word0001" custom="readingOrder {index:1;}">
          <Coords points="357,1599 357,1546 326,1546 319,1547 310,1547 310,1599"/>
          <TextEquiv conf="0.8580292">
            <Unicode>1:</Unicode>
          </TextEquiv>
        </Word>
        <Word id="region0004_line0008_word0002" custom="readingOrder {index:2;}">
          <Coords points="449,1599 449,1555 384,1555 384,1599"/>
          <TextEquiv conf="0.96064603">
            <Unicode>27.</Unicode>
          </TextEquiv>
        </Word>
        <Word id="region0004_line0008_word0003" custom="readingOrder {index:3;}">
          <Coords points="639,1597 639,1555 507,1555 507,1599 545,1600 600,1597"/>
          <TextEquiv conf="0.85938454">
            <Unicode>Werden</Unicode>
          </TextEquiv>
        </Word>
        <Word id="region0004_line0008_word0004" custom="readingOrder {index:4;}">
          <Coords points="658,1554 708,1555 708,1596 658,1595"/>
          <TextEquiv conf="0.9518307">
            <Unicode>die</Unicode>
          </TextEquiv>
        </Word>
        <Word id="region0004_line0008_word0005" custom="readingOrder {index:5;}">
          <Coords points="766,1547 736,1547 736,1601 884,1601 884,1548 856,1549 851,1547 843,1547 837,1548 835,1547 812,1547 810,1548 808,1547 793,1547 790,1550 776,1550"/>
          <TextEquiv conf="0.9329679">
            <Unicode>Gerichte</Unicode>
          </TextEquiv>
        </Word>
        <Word id="region0004_line0008_word0006" custom="readingOrder {index:6;}">
          <Coords points="940,1547 921,1547 899,1547 899,1601 1012,1601 1012,1550 990,1551 978,1548"/>
          <TextEquiv conf="0.9243464">
            <Unicode>GOttes</Unicode>
          </TextEquiv>
        </Word>
        <Word id="region0004_line0008_word0007" custom="readingOrder {index:7;}">
          <Coords points="1063,1551 1027,1551 1027,1596 1099,1597 1099,1556 1067,1556"/>
          <TextEquiv>
            <Unicode>uͤber</Unicode>
          </TextEquiv>
        </Word>
        <TextEquiv>
          <Unicode>Rom. 1: 27. Werden die Gerichte GOttes uͤber</Unicode>
        </TextEquiv>
      </TextLine>
      <TextEquiv>
        <Unicode>Quippe mors infidelium damnum eſt animæ&#13;
&amp; ἀντιμιϑία, retaliatio pro peccato.&#13;
Matth. 16: 26. Was nutzte es den Men⸗&#13;
ſchen, wann er die gantze Welt gewunne, litte&#13;
aber Schaden an ſeiner Seele?&#13;
Τὶ ὠφελεῖται ἄνϑϱωπος, ἐὰν τὸν ϰίσμον ὅλον ϰεϱ-&#13;
δήση, τήν δε ψυχὴν ἁυτϫ ζημιωϑῆ;&#13;
Rom. 1: 27. Werden die Gerichte GOttes uͤber</Unicode>
      </TextEquiv>
    </TextRegion>
    <TextRegion orientation="-0.14768142" readingDirection="left-to-right" id="region0005" custom="readingOrder {index:4;}">
      <Coords points="117,1592 1104,1595 1104,1714 117,1711"/>
      <TextLine id="region0005_line0001" custom="readingOrder {index:0;}">
        <Coords points="117,1592 118,1644 125,1640 134,1640 153,1643 158,1648 186,1649 198,1653 219,1648 233,1650 245,1645 263,1645 280,1650 301,1650 312,1656 328,1644 336,1646 341,1643 345,1643 353,1654 420,1651 424,1648 473,1649 478,1646 533,1649 551,1653 561,1646 581,1643 586,1643 594,1652 605,1647 620,1646 676,1647 683,1653 695,1654 707,1652 710,1648 724,1648 731,1644 744,1644 749,1648 764,1644 790,1644 800,1646 804,1650 846,1653 860,1651 866,1654 1046,1656 1052,1661 1063,1661 1069,1656 1103,1657 1103,1608 1070,1606 1060,1597 1049,1597 1041,1602 1017,1600 1013,1597 959,1602 931,1597 888,1595 819,1598 804,1602 753,1602 620,1599 615,1594 604,1593 598,1599 566,1599 560,1593 546,1593 538,1599 480,1599 475,1594 465,1594 457,1600 410,1602 394,1596 384,1596 378,1601 372,1601 367,1597 335,1601 326,1595 314,1595 306,1600 294,1600 289,1596 278,1596 274,1599 228,1599 220,1596 160,1599 152,1592 152,1592 140,1595 137,1592"/>
        <Word id="region0005_line0001_word0000" custom="readingOrder {index:0;}">
          <Coords points="155,1645 169,1645 169,1603 124,1603 124,1641 125,1640 134,1640 153,1643"/>
          <TextEquiv conf="0.9305515">
            <Unicode>die</Unicode>
          </TextEquiv>
        </Word>
        <Word id="region0005_line0001_word0001" custom="readingOrder {index:1;}">
          <Coords points="444,1648 444,1606 188,1605 188,1649 195,1652 201,1652 219,1648 233,1650 245,1645 263,1645 280,1650 301,1650 305,1652 316,1652 328,1644 336,1646 341,1643 345,1643 352,1652 380,1652 420,1651 424,1648"/>
          <TextEquiv>
            <Unicode>Gottloſigkeiten</Unicode>
          </TextEquiv>
        </Word>
        <Word id="region0005_line0001_word0002" custom="readingOrder {index:2;}">
          <Coords points="464,1607 516,1607 516,1645 464,1645"/>
          <TextEquiv conf="0.9583931">
            <Unicode>der</Unicode>
          </TextEquiv>
        </Word>
        <Word id="region0005_line0001_word0003" custom="readingOrder {index:3;}">
          <Coords points="661,1646 661,1606 534,1606 534,1649 546,1652 552,1652 561,1646 581,1643 586,1643 594,1652 605,1647 620,1646"/>
          <TextEquiv conf="0.92961556">
            <Unicode>Heyden</Unicode>
          </TextEquiv>
        </Word>
        <Word id="region0005_line0001_word0004" custom="readingOrder {index:4;}">
          <Coords points="842,1652 842,1610 685,1609 685,1653 700,1653 707,1652 710,1648 724,1648 731,1644 744,1644 749,1648 764,1644 790,1644 800,1646 804,1650"/>
          <TextEquiv conf="0.9270362">
            <Unicode>genennet.</Unicode>
          </TextEquiv>
        </Word>
        <Word id="region0005_line0001_word0005" custom="readingOrder {index:5;}">
          <Coords points="888,1607 969,1607 969,1650 888,1650"/>
          <TextEquiv conf="0.95713323">
            <Unicode>Der</Unicode>
          </TextEquiv>
        </Word>
        <Word id="region0005_line0001_word0006" custom="readingOrder {index:6;}">
          <Coords points="1084,1606 989,1606 989,1653 1100,1654 1100,1607"/>
          <TextEquiv conf="0.943437">
            <Unicode>Lohn</Unicode>
          </TextEquiv>
        </Word>
        <TextEquiv>
          <Unicode>die Gottloſigkeiten der Heyden genennet. Der Lohn</Unicode>
        </TextEquiv>
      </TextLine>
      <TextLine id="region0005_line0002" custom="readingOrder {index:1;}">
        <Coords points="125,1641 117,1647 117,1701 132,1702 136,1710 154,1710 159,1703 191,1704 216,1710 312,1710 317,1707 327,1707 329,1711 351,1711 353,1707 366,1706 435,1706 437,1711 456,1711 458,1706 506,1702 570,1702 574,1711 592,1711 598,1702 630,1701 673,1703 678,1711 706,1712 713,1704 775,1705 782,1706 788,1712 798,1712 805,1706 924,1708 929,1703 929,1667 921,1658 866,1655 860,1652 804,1653 800,1647 790,1645 764,1645 754,1652 750,1652 744,1645 731,1645 722,1651 695,1655 665,1650 602,1650 594,1653 586,1644 567,1645 551,1654 478,1647 473,1650 453,1651 424,1649 411,1654 353,1655 345,1644 341,1644 336,1647 328,1645 316,1656 310,1657 301,1651 280,1651 263,1646 245,1646 233,1651 219,1649 198,1654 158,1649 153,1644"/>
        <Word id="region0005_line0002_word0000" custom="readingOrder {index:0;}">
          <Coords points="198,1654 123,1654 123,1701 132,1702 136,1710 154,1710 159,1703 191,1704 216,1710 221,1710 221,1654"/>
          <TextEquiv conf="0.9282808">
            <Unicode>ihres</Unicode>
          </TextEquiv>
        </Word>
        <Word id="region0005_line0002_word0001" custom="readingOrder {index:1;}">
          <Coords points="273,1649 239,1649 239,1710 312,1710 317,1707 327,1707 329,1711 351,1711 353,1707 366,1706 435,1706 437,1711 456,1711 458,1706 459,1705 459,1650 453,1651 437,1649 421,1649 411,1654 353,1655 349,1649 323,1649 316,1656 310,1657 301,1651 280,1651"/>
          <TextEquiv>
            <Unicode>Jrꝛthums,</Unicode>
          </TextEquiv>
        </Word>
        <Word id="region0005_line0002_word0002" custom="readingOrder {index:2;}">
          <Coords points="543,1702 543,1661 479,1661 479,1704 482,1704 506,1702"/>
          <TextEquiv conf="0.9327039">
            <Unicode>der</Unicode>
          </TextEquiv>
        </Word>
        <Word id="region0005_line0002_word0003" custom="readingOrder {index:3;}">
          <Coords points="668,1702 668,1656 561,1656 561,1702 570,1702 574,1711 592,1711 598,1702 630,1701"/>
          <TextEquiv conf="0.9277199">
            <Unicode>ihnen</Unicode>
          </TextEquiv>
        </Word>
        <Word id="region0005_line0002_word0004" custom="readingOrder {index:4;}">
          <Coords points="876,1707 876,1657 683,1656 683,1711 706,1712 713,1704 775,1705 782,1706 788,1712 798,1712 805,1706"/>
          <TextEquiv conf="0.90732455">
            <Unicode>gebuͤhret.</Unicode>
          </TextEquiv>
        </Word>
        <TextEquiv>
          <Unicode>ihres Jrꝛthums, der ihnen gebuͤhret.</Unicode>
        </TextEquiv>
      </TextLine>
      <TextEquiv>
        <Unicode>die Gottloſigkeiten der Heyden genennet. Der Lohn&#13;
ihres Jrꝛthums, der ihnen gebuͤhret.</Unicode>
      </TextEquiv>
    </TextRegion>
    <TextRegion orientation="-0.14768142" readingDirection="left-to-right" id="region0006" custom="readingOrder {index:5;}">
      <Coords points="118,1706 1105,1709 1104,1906 117,1903"/>
      <TextLine id="region0006_line0001" custom="readingOrder {index:0;}">
        <Coords points="467,1707 459,1718 457,1726 440,1728 408,1727 407,1720 402,1714 387,1715 376,1708 362,1710 356,1716 353,1727 338,1729 273,1726 270,1718 263,1713 250,1714 245,1726 240,1726 228,1717 191,1716 186,1712 175,1712 169,1716 121,1716 118,1718 118,1756 121,1758 122,1766 127,1770 273,1766 305,1768 313,1778 324,1777 329,1769 411,1769 425,1770 432,1776 440,1776 451,1770 481,1772 486,1768 502,1766 590,1768 647,1764 654,1770 662,1770 668,1764 729,1765 803,1768 809,1774 817,1774 823,1769 1032,1769 1037,1764 1037,1735 1034,1731 985,1731 984,1720 979,1715 934,1715 925,1727 893,1729 891,1720 885,1715 873,1715 868,1720 867,1728 857,1728 795,1726 793,1717 787,1710 774,1711 766,1723 750,1722 744,1717 732,1717 727,1722 672,1722 666,1710 655,1709 640,1711 635,1722 595,1722 566,1726 559,1721 552,1707 515,1707 509,1712 507,1725 501,1726 490,1724 485,1707"/>
        <Word id="region0006_line0001_word0000" custom="readingOrder {index:0;}">
          <Coords points="175,1717 218,1717 218,1755 175,1755"/>
          <TextEquiv>
            <Unicode>Ἡ</Unicode>
          </TextEquiv>
        </Word>
        <Word id="region0006_line0001_word0001" custom="readingOrder {index:1;}">
          <Coords points="381,1711 360,1711 356,1716 353,1727 338,1729 273,1726 270,1718 263,1713 250,1714 245,1726 240,1726 237,1723 237,1764 448,1765 448,1727 440,1728 408,1727 407,1720 402,1714 387,1715"/>
          <TextEquiv>
            <Unicode>ἀντιμιϑία,</Unicode>
          </TextEquiv>
        </Word>
        <Word id="region0006_line0001_word0003" custom="readingOrder {index:2;}">
          <Coords points="486,1711 464,1711 464,1711 464,1762 498,1762 498,1725 490,1724"/>
          <TextEquiv>
            <Unicode>ἣν</Unicode>
          </TextEquiv>
        </Word>
        <Word id="region0006_line0001_word0004" custom="readingOrder {index:3;}">
          <Coords points="554,1712 514,1712 514,1759 592,1759 592,1722 566,1726 559,1721"/>
          <TextEquiv>
            <Unicode>ἕδει,</Unicode>
          </TextEquiv>
        </Word>
        <Word id="region0006_line0001_word0005" custom="readingOrder {index:4;}">
          <Coords points="669,1717 637,1717 635,1722 621,1722 621,1761 682,1761 682,1722 672,1722"/>
          <TextEquiv>
            <Unicode>τῆς</Unicode>
          </TextEquiv>
        </Word>
        <Word id="region0006_line0001_word0006" custom="readingOrder {index:5;}">
          <Coords points="792,1716 770,1716 766,1723 750,1722 744,1717 732,1717 727,1722 702,1722 702,1762 839,1762 839,1727 795,1726 793,1717"/>
          <TextEquiv>
            <Unicode>πλάνης</Unicode>
          </TextEquiv>
        </Word>
        <Word id="region0006_line0001_word0007" custom="readingOrder {index:6;}">
          <Coords points="889,1719 869,1719 868,1720 867,1728 858,1728 858,1757 983,1757 983,1719 931,1719 925,1727 893,1729 891,1720"/>
          <TextEquiv>
            <Unicode>ἀυτῶν.</Unicode>
          </TextEquiv>
        </Word>
        <TextEquiv>
          <Unicode>Ἡ ἀντιμιϑία, ἣν ἕδει, τῆς πλάνης ἀυτῶν.</Unicode>
        </TextEquiv>
      </TextLine>
      <TextLine id="region0006_line0002" custom="readingOrder {index:1;}">
        <Coords points="665,1773 659,1779 658,1788 515,1793 314,1793 311,1784 305,1779 278,1779 271,1784 269,1793 258,1793 257,1784 251,1778 118,1777 118,1819 129,1819 130,1828 136,1834 156,1833 163,1838 179,1839 215,1837 221,1840 327,1841 360,1838 380,1840 402,1837 429,1838 435,1841 511,1838 571,1840 639,1836 726,1837 756,1841 759,1845 766,1846 788,1839 911,1839 919,1854 930,1854 935,1852 937,1842 948,1841 974,1841 984,1844 1001,1842 1010,1853 1016,1853 1023,1851 1026,1844 1103,1841 1104,1784 1086,1783 1080,1786 1078,1796 899,1795 890,1794 888,1786 882,1781 866,1779 837,1780 831,1785 829,1792 799,1792 795,1789 764,1788 762,1781 757,1777 743,1778 738,1788 686,1787 682,1774"/>
        <Word id="region0006_line0002_word0000" custom="readingOrder {index:0;}">
          <Coords points="257,1784 179,1784 179,1827 373,1828 373,1793 314,1793 311,1784 270,1784 269,1793 258,1793"/>
          <TextEquiv conf="0.91315114">
            <Unicode>Fidelium</Unicode>
          </TextEquiv>
        </Word>
        <Word id="region0006_line0002_word0001" custom="readingOrder {index:1;}">
          <Coords points="402,1797 500,1797 500,1827 402,1827"/>
          <TextEquiv conf="0.91818625">
            <Unicode>vero</Unicode>
          </TextEquiv>
        </Word>
        <Word id="region0006_line0002_word0002" custom="readingOrder {index:2;}">
          <Coords points="528,1796 634,1796 634,1826 528,1826"/>
          <TextEquiv conf="0.9313071">
            <Unicode>mors</Unicode>
          </TextEquiv>
        </Word>
        <Word id="region0006_line0002_word0003" custom="readingOrder {index:3;}">
          <Coords points="683,1779 662,1779 662,1835 780,1836 780,1788 764,1788 762,1781 760,1779 742,1779 738,1788 686,1787"/>
          <TextEquiv conf="0.8945317">
            <Unicode>lucri,</Unicode>
          </TextEquiv>
        </Word>
        <Word id="region0006_line0002_word0004" custom="readingOrder {index:4;}">
          <Coords points="883,1782 834,1782 831,1785 829,1792 812,1792 812,1839 911,1839 912,1841 948,1841 974,1841 980,1841 980,1795 899,1795 890,1794 888,1786"/>
          <TextEquiv conf="0.9194668">
            <Unicode>aliisque</Unicode>
          </TextEquiv>
        </Word>
        <Word id="region0006_line0002_word0005" custom="readingOrder {index:5;}">
          <Coords points="1006,1795 1006,1839 1100,1840 1100,1783 1086,1783 1080,1786 1078,1796"/>
          <TextEquiv conf="0.91940343">
            <Unicode>præ-</Unicode>
          </TextEquiv>
        </Word>
        <TextEquiv>
          <Unicode>Fidelium vero mors lucri, aliisque præ-</Unicode>
        </TextEquiv>
      </TextLine>
      <TextLine id="region0006_line0003" custom="readingOrder {index:2;}">
        <Coords points="141,1834 138,1835 135,1842 117,1842 117,1892 195,1897 644,1897 646,1903 671,1903 672,1898 678,1896 868,1901 1103,1901 1103,1852 1010,1854 1001,1843 991,1843 987,1845 986,1852 981,1853 979,1845 974,1842 948,1842 944,1844 942,1853 930,1855 919,1855 911,1840 895,1842 887,1852 869,1852 867,1842 848,1841 844,1843 843,1851 840,1852 839,1844 835,1841 788,1840 766,1847 659,1847 657,1839 654,1837 639,1837 633,1840 632,1847 619,1848 603,1848 595,1839 576,1839 563,1847 530,1850 526,1841 510,1839 504,1842 502,1851 449,1851 434,1850 432,1842 428,1839 402,1838 397,1840 393,1850 379,1850 376,1841 371,1839 354,1841 350,1850 222,1849 220,1841 214,1838 197,1840 194,1848 164,1843 163,1839 156,1834"/>
        <Word id="region0006_line0003_word0000" custom="readingOrder {index:0;}">
          <Coords points="135,1842 123,1842 123,1889 234,1889 234,1849 222,1849 220,1842 196,1842 194,1848 164,1843 163,1842"/>
          <TextEquiv conf="0.9159535">
            <Unicode>claris</Unicode>
          </TextEquiv>
        </Word>
        <Word id="region0006_line0003_word0001" custom="readingOrder {index:1;}">
          <Coords points="377,1844 352,1844 350,1850 261,1849 261,1889 489,1890 489,1851 449,1851 434,1850 432,1844 395,1844 393,1850 379,1850"/>
          <TextEquiv conf="0.9201069">
            <Unicode>nominibus</Unicode>
          </TextEquiv>
        </Word>
        <Word id="region0006_line0003_word0002" custom="readingOrder {index:2;}">
          <Coords points="528,1847 509,1847 509,1889 549,1889 549,1848 530,1850"/>
          <TextEquiv conf="0.92528045">
            <Unicode>in</Unicode>
          </TextEquiv>
        </Word>
        <Word id="region0006_line0003_word0003" custom="readingOrder {index:3;}">
          <Coords points="599,1844 568,1844 568,1897 644,1897 645,1901 671,1901 672,1898 678,1896 767,1898 767,1846 766,1847 659,1847 658,1844 632,1844 632,1847 619,1848 603,1848"/>
          <TextEquiv conf="0.91437536">
            <Unicode>Scriptura</Unicode>
          </TextEquiv>
        </Word>
        <Word id="region0006_line0003_word0004" custom="readingOrder {index:4;}">
          <Coords points="782,1847 818,1847 818,1891 782,1891"/>
          <TextEquiv conf="0.91437536">
            <Unicode>S.</Unicode>
          </TextEquiv>
        </Word>
        <Word id="region0006_line0003_word0005" custom="readingOrder {index:5;}">
          <Coords points="839,1847 837,1847 837,1891 1081,1891 1081,1852 1010,1854 1004,1847 986,1847 986,1852 981,1853 979,1847 943,1847 942,1853 930,1855 919,1855 914,1847 891,1847 887,1852 869,1852 868,1847 843,1847 843,1851 840,1852"/>
          <TextEquiv conf="0.9258168">
            <Unicode>deſcribitur.</Unicode>
          </TextEquiv>
        </Word>
        <TextEquiv>
          <Unicode>claris nominibus in Scriptura S. deſcribitur.</Unicode>
        </TextEquiv>
      </TextLine>
      <TextEquiv>
        <Unicode>Ἡ ἀντιμιϑία, ἣν ἕδει, τῆς πλάνης ἀυτῶν.&#13;
Fidelium vero mors lucri, aliisque præ-&#13;
claris nominibus in Scriptura S. deſcribitur.</Unicode>
      </TextEquiv>
    </TextRegion>
    <TextRegion orientation="-0.14768142" readingDirection="left-to-right" id="TextRegion_1676284478871_679" custom="readingOrder {index:6;}">
      <Coords points="120,1902 1106,1905 1106,1955 668,1966 666,2029 120,2028"/>
      <TextLine id="region0007_line0001" custom="readingOrder {index:0;}">
        <Coords points="120,1902 120,1945 167,1952 191,1959 250,1958 266,1962 314,1960 345,1960 360,1963 431,1961 526,1967 530,1974 540,1976 546,1975 553,1967 583,1966 588,1973 598,1974 607,1965 634,1964 681,1964 686,1965 691,1974 702,1975 708,1972 710,1967 720,1965 760,1962 868,1969 972,1966 975,1971 986,1972 995,1965 1018,1962 1105,1961 1105,1910 1091,1910 1085,1905 1084,1905 1074,1905 1067,1910 976,1915 933,1914 922,1904 910,1904 901,1911 891,1911 883,1904 863,1904 856,1911 833,1912 816,1912 813,1904 795,1904 790,1912 733,1910 719,1904 711,1904 680,1904 677,1908 657,1904 653,1904 642,1910 623,1909 618,1904 575,1903 571,1908 554,1906 551,1903 462,1903 439,1905 429,1909 337,1907 299,1910 271,1910 254,1902 235,1902 232,1905 224,1902"/>
        <Word id="region0007_line0001_word0000" custom="readingOrder {index:0;}">
          <Coords points="335,1960 335,1918 177,1917 177,1954 191,1959 250,1958 266,1962 314,1960"/>
          <TextEquiv conf="0.16135453">
            <Unicode>Phil.</Unicode>
          </TextEquiv>
        </Word>
        <Word id="region0007_line0001_word0001" custom="readingOrder {index:1;}">
          <Coords points="348,1960 348,1912 304,1911 304,1960 314,1960 345,1960"/>
          <TextEquiv conf="0.6325487">
            <Unicode>1:</Unicode>
          </TextEquiv>
        </Word>
        <Word id="region0007_line0001_word0002" custom="readingOrder {index:2;}">
          <Coords points="367,1924 431,1924 431,1960 367,1960"/>
          <TextEquiv conf="0.95299524">
            <Unicode>21.</Unicode>
          </TextEquiv>
        </Word>
        <Word id="region0007_line0001_word0003" custom="readingOrder {index:3;}">
          <Coords points="666,1964 666,1917 491,1917 491,1964 526,1967 530,1974 535,1975 546,1975 553,1967 583,1966 588,1973 598,1974 607,1965 634,1964"/>
          <TextEquiv conf="0.77765167">
            <Unicode>Chriſtus</Unicode>
          </TextEquiv>
        </Word>
        <Word id="word_1676284478896_682" custom="readingOrder {index:4;}">
          <Coords points="683,1916 722,1917 722,1964 720,1964 686,1965 683,1964"/>
          <TextEquiv conf="0.95883787">
            <Unicode>iſt</Unicode>
          </TextEquiv>
        </Word>
        <Word id="word_1676284478896_684" custom="readingOrder {index:6;}">
          <Coords points="738,1918 832,1918 832,1962 780,1963 760,1962 738,1963"/>
          <TextEquiv conf="0.95883787">
            <Unicode>mein</Unicode>
          </TextEquiv>
        </Word>
        <Word id="word_1676284478896_686" custom="readingOrder {index:8;}">
          <Coords points="858,1919 995,1919 995,1958 858,1961"/>
          <TextEquiv conf="0.9579274">
            <Unicode>Leben,</Unicode>
          </TextEquiv>
        </Word>
        <Word id="word_1676284478896_688" custom="readingOrder {index:10;}">
          <Coords points="1023,1921 1098,1922 1098,1955 1023,1957"/>
          <TextEquiv conf="0.96344113">
            <Unicode>und</Unicode>
          </TextEquiv>
        </Word>
        <TextEquiv>
          <Unicode>Phil. 1: 21. Chriſtus iſt mein Leben, und</Unicode>
        </TextEquiv>
      </TextLine>
      <TextLine id="region0007_line0002" custom="readingOrder {index:1;}">
        <Coords points="134,1950 120,1951 121,2020 317,2022 319,2028 339,2028 342,2024 374,2022 479,2026 633,2022 646,2025 650,2022 698,2023 719,2020 786,2024 788,2029 823,2029 827,2024 871,2024 876,2020 1040,2021 1046,2027 1056,2027 1063,2021 1105,2021 1105,1965 1099,1961 1084,1963 1081,1975 1054,1970 1047,1966 1028,1967 1022,1963 1010,1964 1004,1969 992,1969 986,1973 973,1971 953,1974 948,1979 876,1975 867,1969 861,1969 855,1974 793,1974 784,1964 760,1963 746,1968 727,1968 702,1976 688,1976 587,1976 583,1968 571,1967 562,1976 539,1977 519,1973 507,1967 481,1966 473,1970 438,1970 436,1964 431,1962 414,1964 412,1970 357,1968 353,1963 345,1961 314,1961 304,1968 257,1968 255,1962 250,1959 236,1959 227,1966 215,1966 167,1953"/>
        <Word id="region0007_line0002_word0000" custom="readingOrder {index:0;}">
          <Coords points="192,1960 126,1960 126,2013 302,2013 302,1968 257,1968 255,1962 251,1960 234,1960 227,1966 215,1966"/>
          <TextEquiv conf="0.95512235">
            <Unicode>Sterben</Unicode>
          </TextEquiv>
        </Word>
        <Word id="region0007_line0002_word0001" custom="readingOrder {index:1;}">
          <Coords points="313,1964 353,1964 353,2020 313,2020"/>
          <TextEquiv conf="0.9209597">
            <Unicode>iſt</Unicode>
          </TextEquiv>
        </Word>
        <Word id="region0007_line0002_word0002" custom="readingOrder {index:2;}">
          <Coords points="436,1964 414,1964 412,1970 361,1968 361,2011 454,2011 454,1970 438,1970"/>
          <TextEquiv conf="0.92331636">
            <Unicode>mein</Unicode>
          </TextEquiv>
        </Word>
        <Word id="region0007_line0002_word0003" custom="readingOrder {index:3;}">
          <Coords points="507,1967 479,1967 473,1970 465,1970 465,2012 649,2012 649,1976 587,1976 583,1968 571,1967 562,1976 539,1977 519,1973"/>
          <TextEquiv conf="0.9147706">
            <Unicode>Gewinn,</Unicode>
          </TextEquiv>
        </Word>
        <Word id="word_1676284478897_689" custom="readingOrder {index:4;}">
          <Coords points="757,1963 772,1963 784,1964 793,1974 820,1974 820,2019 747,2019 747,1967"/>
          <TextEquiv conf="0.63685113">
            <Unicode>Gg</Unicode>
          </TextEquiv>
        </Word>
        <Word id="region0007_line0002_word0005" custom="readingOrder {index:5;}">
          <Coords points="871,1972 857,1972 855,1974 849,1974 849,2010 876,2010 876,1975"/>
          <TextEquiv conf="0.96466386">
            <Unicode>4</Unicode>
          </TextEquiv>
        </Word>
        <Word id="region0007_line0002_word0006" custom="readingOrder {index:6;}">
          <Coords points="1026,1966 1008,1966 1008,2016 1102,2017 1102,1967 1083,1966 1081,1975 1054,1970 1047,1966 1041,1966 1028,1967"/>
          <TextEquiv>
            <Unicode>Ἐμϲὶ</Unicode>
          </TextEquiv>
        </Word>
        <TextEquiv>
          <Unicode>Sterben iſt mein Gewinn, Gg 4 Ἐμϲὶ</Unicode>
        </TextEquiv>
      </TextLine>
      <TextEquiv>
        <Unicode>Phil. 1: 21. Chriſtus iſt mein Leben, und&#13;
Sterben iſt mein Gewinn, Gg 4 Ἐμϲὶ</Unicode>
      </TextEquiv>
    </TextRegion>
  </Page>
</PcGts>