1857 2567
255 526 288 553 ta
319 519 474 556 Erodoto
496 521 545 555 nel
571 517 643 555 Lib.
676 526 706 560 5.
733 518 794 553 che
813 516 952 553 sbanditi
975 517 1016 565 gli
1040 518 1209 553 Alcheme-

258 563 326 598 nidi
345 563 385 599 da
409 563 505 611 Ippia
530 564 577 600 Ré
599 563 763 601 d’Atene,
792 573 975 596 cercavano
996 561 1076 607 ogni
1093 572 1211 596 mezzo

256 621 314 655 per
346 613 502 648 ritornare
529 613 561 648 in
586 611 733 660 patria;
757 621 934 647 ottennero
960 615 1041 657 però
1076 612 1211 647 coſtoro

260 674 389 701 mentre
412 665 545 701 ſtettero
574 678 581 699 a
602 665 704 701 Delfo
733 666 814 701 dalla
839 667 917 702 Pitia
939 666 1143 701 Divinatrice
1161 665 1214 701 del

258 712 426 760 Tempio,
456 712 516 747 che
540 711 617 758 ogni
632 713 723 746 volta
736 711 802 749 che
804 708 823 759 i
830 709 1052 746 Lacedemoni
1072 711 1213 748 chiedeſ-

259 764 330 799 ſero
354 765 469 800 alcuna
487 763 645 812 riſpoſta,
675 763 788 799 diceſſe
810 765 920 805 loro,
957 764 1017 798 che
1039 761 1213 798 doveſſero

258 811 398 848 liberare
420 814 521 848 Atene
542 809 623 848 dalla
642 811 827 848 Tirannia;
855 809 945 844 onde
964 823 1091 845 avenne
1104 811 1214 848 ch'eſſi

259 864 473 899 mandarono
492 863 694 905 Anchiolio,
723 874 740 896 a
761 861 904 896 cacciare
926 862 1019 909 Ippia
1035 862 1073 897 da
1090 864 1214 901 Atene,

259 907 391 948 benche
418 910 536 947 foſſero
557 909 709 956 collegati
737 921 805 944 con
828 910 893 945 eſſo
917 911 974 946 lui.
1029 912 1050 945 Il
1072 909 1212 945 medeſi-

259 970 321 996 mo
346 973 438 997 narra
464 963 517 997 nel
544 960 617 998 Lib.
645 966 677 996 6.
704 961 764 996 che
791 960 858 995 mal
877 969 1040 996 contento
1058 961 1214 997 Cleome-

259 1024 302 1047 ne
322 1015 372 1051 Ré
399 1013 430 1050 di
454 1014 568 1060 Sparta
597 1011 627 1047 di
646 1013 831 1048 Demareto
859 1012 919 1047 ſuo
942 1012 1081 1060 Collega
1100 1011 1149 1045 nel
1169 1023 1215 1045 re-

259 1072 366 1109 gno,
389 1064 560 1112 s'ingegnò
578 1063 610 1099 di
630 1062 677 1100 far
694 1063 823 1100 credere
838 1063 903 1112 agli
919 1064 1094 1112 Spartani,
1127 1063 1213 1099 ch'e-

260 1111 302 1158 gli
325 1126 395 1150 non
412 1112 490 1150 foſſe
505 1111 658 1161 figlivolo
681 1113 890 1153 d’Ariſtone,
921 1124 938 1145 a
959 1112 1014 1147 cui
1033 1125 1086 1148 era
1105 1111 1215 1149 ſucce-

260 1159 376 1199 duto;
417 1172 475 1207 per
496 1160 517 1195 il
538 1160 600 1195 che
612 1172 715 1208 parve
733 1159 809 1194 loro
828 1158 1001 1195 neceſſario
1018 1170 1215 1206 proccurare

260 1208 335 1247 dall’
352 1211 506 1248 Oracolo
527 1211 559 1247 di
571 1208 672 1246 Delfo
690 1210 720 1247 la
738 1217 881 1244 certezza
895 1207 977 1245 della
999 1209 1061 1244 ſua
1071 1206 1214 1261 Origine.

259 1260 444 1296 Cleomene
459 1257 541 1308 peró
567 1270 733 1306 corruppe
756 1259 896 1294 Colono
921 1258 1014 1307 figlio
1040 1259 1072 1296 di
1100 1260 1215 1296 Ariſto-

261 1305 386 1352 fante,
423 1308 544 1343 Uomo
570 1306 682 1341 molto
709 1306 915 1342 Autorevole
944 1307 1027 1342 nella
1064 1309 1150 1344 Cittá
1184 1306 1217 1343 di

262 1359 399 1401 Delfo,
439 1356 594 1393 accioche
618 1356 819 1404 perſuadeſſe
852 1371 870 1394 a
901 1359 1015 1395 Perilla
1041 1371 1106 1394 una
1135 1356 1218 1394 delle

262 1407 401 1457 Vergini
428 1406 619 1444 vaticinanti
656 1420 662 1442 a
689 1405 911 1455 riſpondere,
950 1408 1010 1443 che
1035 1408 1218 1443 Demareto

262 1468 336 1494 non
362 1471 412 1494 era
428 1468 509 1494 nato
527 1458 566 1494 da
591 1459 745 1495 Ariſtone.
797 1458 949 1503 Eſeguita
976 1470 1059 1505 pero
1086 1458 1126 1494 da
1146 1469 1219 1493 cos-

264 1510 308 1544 tei
338 1510 368 1546 la
399 1519 537 1551 trama,
566 1509 667 1555 queſti
690 1508 722 1545 fu
746 1508 884 1555 depoſto
912 1509 962 1545 dal
985 1511 1115 1545 Trono.
1168 1510 1219 1547 Mi

261 1555 412 1592 riccorda
430 1568 552 1593 ancora
574 1553 636 1591 che
656 1553 853 1592 Xenofonte
876 1565 1031 1591 racconta
1046 1556 1129 1590 nella
1148 1555 1216 1602 ſpe-

264 1605 395 1643 dizione
423 1608 454 1643 di
485 1606 589 1647 Ciro,
622 1603 722 1641 averſi
740 1615 844 1640 avuto
873 1603 1018 1653 ſoſpetto
1041 1605 1071 1641 di
1092 1605 1121 1641 ſe
1149 1618 1216 1641 me-

263 1654 415 1699 deſimo,
443 1655 503 1691 che
520 1652 622 1692 aveſſe
643 1663 796 1692 corrotto
808 1655 975 1691 Avecione
996 1654 1126 1701 Augure
1141 1654 1217 1691 dell'

263 1708 408 1745 Eſercito
433 1708 527 1743 accio
551 1705 664 1743 diceſſe
695 1707 756 1743 che
786 1707 829 1754 gli
859 1708 1001 1742 Inteſtini
1023 1701 1106 1756 degli
1139 1706 1218 1742 Ani-

264 1758 344 1792 mali
363 1757 530 1803 ſagrificati
550 1768 620 1792 non
641 1768 737 1791 erano
757 1755 943 1791 favorevoli
963 1757 1019 1790 alla
1040 1763 1217 1803 partenza,

265 1806 326 1841 che
352 1808 360 1843 i
384 1808 499 1844 ſoldati
530 1806 744 1842 bramavano.
806 1807 876 1841 Ora
900 1805 1039 1852 quello,
1078 1805 1138 1839 che
1158 1805 1216 1850 più

261 1854 356 1889 volte
380 1854 397 1889 é
415 1854 688 1903 poſteriormente
705 1853 895 1896 accaduto,
923 1865 992 1887 non
1020 1853 1152 1888 doveva
1173 1855 1217 1889 eſ-

263 1904 329 1940 ſere
360 1917 482 1941 nuovo
508 1904 549 1940 nè
577 1916 660 1951 pure
688 1906 715 1939 al
745 1905 880 1952 Tempo
912 1904 1110 1952 d’Edippo,
1146 1916 1163 1937 e
1185 1904 1218 1939 ſe

264 1953 386 1989 alcuno
416 1963 540 2002 poteva
569 1964 646 1988 aver
673 1962 845 2001 penetrato
875 1954 903 1990 le
923 1953 1005 1990 frodi
1024 1956 1124 1996 loro,
1153 1952 1219 1990 eſſo

266 2005 334 2040 s'ha
353 2019 371 2041 a
388 2005 516 2041 credere
536 2005 596 2041 che
609 2004 687 2041 foſſe
707 2007 726 2040 il
747 2004 805 2051 più
823 2014 920 2046 atto,
946 2004 1135 2038 venendoci
1149 2015 1222 2053 rap-

268 2054 456 2101 preſentato
480 2057 512 2093 di
531 2056 553 2093 ſi
571 2055 644 2092 fino
665 2055 916 2092 Intendimento
947 2056 1006 2091 che
1027 2056 1098 2091 ſolo
1119 2067 1223 2092 aveva

268 2117 395 2152 potuto
416 2107 567 2156 indagare
596 2107 625 2143 la
645 2108 788 2144 naſcoſta
820 2108 1061 2156 ſignificazione
1090 2108 1138 2142 del
1166 2110 1223 2157 più

269 2158 399 2195 celebre
424 2156 574 2205 Enigma.
619 2154 825 2204 Aggiungo,
844 2148 971 2205 ch'egli
998 2169 1067 2193 non
1086 2160 1166 2194 s'era
1188 2159 1223 2197 fi-
