1297 2129
329 296 457 341 D.Pol.
487 300 497 333 A
512 297 593 332 me?
618 292 729 329 carina

707 345 875 391 (figurand.
893 344 924 374 di
933 346 1045 386 parlare
1060 352 1108 375 cou
1120 341 1167 373 liv.

434 396 521 431 Non
535 389 750 441 permetterò
766 388 832 423 mai
847 406 897 415 —
912 385 992 432 dite,
1008 385 1041 420 la
1054 383 1143 421 bella

439 453 497 488 Sta
513 449 544 487 di
557 448 631 496 quì,
652 460 672 482 o
690 446 723 481 di
738 445 826 495 quà?

334 506 440 544 Mad.
450 508 538 544 Sulla
555 502 688 541 ſiniſtra.

334 556 377 594 D
390 553 459 593 Pol.
472 552 593 588 Anima
609 548 675 584 mia
693 564 746 574 —

336 606 442 640 Mad.
452 606 502 639 Or
517 601 536 636 è
551 597 673 640 paſſata
689 612 706 633 a
720 595 837 634 deſtra.

339 651 467 695 D.Pol.
477 651 596 689 Anima
612 650 693 690 mia,
724 647 791 683 deh
806 644 909 690 laſcia,

446 705 519 741 Che
535 703 616 740 ſulla
631 700 748 737 bianca
762 708 863 734 mano
881 692 1014 732 anch'io
1030 695 1055 731 ti
1071 693 1125 732 dia

442 749 713 797 Indegnamente
735 751 873 795 quattro
895 743 977 786 baci,
999 753 1101 776 come

444 805 569 847 Faceſti
585 815 625 845 tu
643 804 702 843 fin'
710 814 780 841 ora.

341 860 447 903 Mad.
456 861 534 907 (Piu
551 867 630 894 caro
640 866 747 905 pazzo
755 855 788 889 io
798 864 868 889 non
877 852 924 888 ho
939 847 1019 887 viſto
1029 852 1178 892 ancora.)

345 941 383 990 D.
397 939 478 993 Pol.
471 943 612 985 Dammi
622 940 657 980 la
669 949 785 986 mano,
812 936 856 975 oh
867 934 960 984 bella,

450 1011 517 1053 Che
531 1005 693 1059 ſoſpirar
706 1005 754 1044 mi
765 1005 818 1051 fa.

451 1072 519 1112 Che
539 1082 640 1108 mano
660 1064 811 1106 tenerella

658 1129 826 1176 (figurand.
840 1137 929 1163 tener
940 1127 1004 1162 Liv.
1014 1135 1072 1169 per
1082 1122 1185 1159 mano.

456 1183 522 1223 Che
534 1178 617 1220 bella
631 1190 730 1218 mano
744 1190 765 1214 o
785 1176 865 1214 Dio.

452 1226 497 1263 Io
511 1236 639 1271 manco,
657 1225 690 1259 io
703 1233 799 1259 moro
815 1217 888 1267 già.

455 1277 641 1323 Madama,
656 1274 758 1314 l'idol
764 1275 830 1311 mio

621 1327 657 1369 (a
680 1325 759 1358 mad.
773 1327 829 1357 che
842 1330 939 1355 accen.
951 1321 1002 1355 dal
1011 1319 1085 1354 altra
1098 1324 1186 1364 parte.

459 1382 527 1424 Sta
539 1380 595 1434 quì
611 1383 627 1425 o
640 1384 696 1435 ſta
713 1378 750 1418 di
761 1377 855 1432 quà?

430 1460 606 1516 Belliſſima
626 1457 778 1515 inviſibile

460 1531 601 1576 Almeno
605 1526 797 1582 ſoſpirate;

466 1602 586 1655 Toſſite
601 1595 820 1640 chiachierate
833 1616 886 1630 —

464 1665 550 1707 Dite
557 1672 633 1702 una
648 1660 811 1713 parolina

465 1727 505 1763 (a
519 1726 591 1757 mad
615 1724 671 1756 che
687 1730 785 1755 accen.
806 1731 840 1751 or
853 1718 892 1751 da
905 1726 966 1749 una
977 1726 1037 1758 par.
1051 1726 1086 1749 or
1102 1715 1141 1749 da
1152 1716 1194 1745 un

514 1773 561 1802 alt.
586 1783 592 1801 e
608 1775 642 1803 D.
657 1775 685 1802 P.
701 1779 758 1801 cor.
773 1774 865 1805 avan.,
884 1773 903 1795 e
914 1762 980 1797 indi
993 1771 1050 1800 etc.

469 1827 600 1869 Carina
609 1836 672 1873 per
679 1821 784 1873 pietà.
