1646 2378
261 413 334 451 Die
345 414 422 459 erſte
437 417 543 458 Ernde
561 420 721 466 geſchiehet
745 419 780 457 in
794 420 867 458 dem
882 419 1006 461 Anfan⸗

184 476 221 512 ge
236 471 292 503 des
310 468 452 513 Mayen,
469 469 518 508 die
537 476 644 509 andere
661 477 695 509 in
715 477 813 511 denen
825 471 918 512 erſten
937 471 1005 508 Ta⸗

183 528 243 563 gen
262 521 318 554 des
332 517 467 568 Julius,
489 532 556 558 und
565 528 617 559 die
631 526 726 562 dritte
741 522 776 564 in
787 531 856 557 dem
879 530 1008 564 Monat

184 567 384 617 September
403 573 476 611 oder
492 572 638 614 October.

262 654 315 693 Es
331 653 412 702 ſeind
436 654 511 694 aber
533 656 610 696 dieſe
631 656 737 699 Zeiten
763 664 799 704 zu
813 661 874 693 der
894 661 1009 698 Ernde

182 695 264 743 nicht
280 699 443 746 dergeſtalt
458 700 639 751 beſtimmet,
654 710 722 749 daß
740 714 820 746 man
844 708 916 749 nicht
931 707 1001 746 fruͤ⸗

181 754 237 802 her
264 755 337 791 oder
361 755 461 802 ſpaͤter
493 757 562 804 ſolte
588 753 700 795 maͤhen
737 756 853 795 doͤrfen.
936 760 1010 796 Die

181 806 380 854 Hauptregel
395 819 451 847 um
468 809 547 857 Heu
568 814 635 846 von
657 813 709 853 der
729 806 899 850 allerbeſten
913 807 1006 846 Gat⸗

180 869 275 907 tunge
291 871 327 908 zu
342 863 455 912 haben,
478 860 539 911 iſt,
553 865 615 902 daß
634 872 713 899 man
725 867 764 902 es
774 863 889 905 maͤhen
916 869 1001 901 muß,

181 921 256 949 wan
279 911 327 950 die
343 912 470 962 Aehren
490 922 641 949 anfangen
675 914 778 957 herfuͤr
801 920 839 956 zu
852 911 998 957 brechen,

179 964 253 999 oder
268 970 344 1000 wan
366 964 415 1001 die
430 964 577 1006 Blumen
595 969 772 999 aufgehen.
807 967 898 1001 Das
915 968 1001 1010 Heu,

178 1008 308 1056 welches
328 1021 406 1051 man
430 1012 544 1051 alsdan
566 1018 635 1055 mit
656 1017 933 1057 Aufmerkſamkeit
953 1021 1003 1059 ge⸗

180 1063 286 1110 macht
300 1067 367 1114 hat,
382 1068 462 1107 wird
482 1067 594 1106 allezeit
607 1066 676 1105 eine
691 1067 784 1111 gruͤne
802 1065 902 1115 Farbe
934 1071 1002 1107 und

179 1109 269 1148 einen
284 1113 357 1149 weit
372 1113 504 1159 beſſeren
523 1122 708 1161 Geſchmak,
730 1118 784 1157 als
803 1119 854 1161 ein
873 1127 1006 1158 anderes

179 1168 334 1219 behalten.
387 1172 481 1212 Man
495 1177 574 1208 wird
593 1178 677 1214 zwar
691 1172 727 1211 in
745 1177 844 1208 etwas
867 1178 906 1211 an
925 1177 991 1207 dem

167 1217 344 1268 Gewichte
368 1218 417 1269 der
437 1217 543 1267 erſten
555 1226 672 1264 Ernde
695 1222 871 1261 verlieren;
903 1223 999 1256 allein

170 1256 228 1305 die
240 1264 381 1315 folgende
404 1273 528 1311 werden
551 1284 609 1308 nur
631 1279 704 1312 deſto
738 1277 911 1312 ergiebiger
933 1276 993 1316 und

178 1336 241 1370 von
256 1334 297 1372 da
313 1329 439 1382 beſſerer
454 1323 654 1385 Eigenſchaft
670 1326 750 1372 ſein.

257 1407 352 1455 Wan
368 1419 453 1450 man
466 1411 530 1448 das
549 1403 714 1451 Raygras
733 1415 787 1445 mit
822 1407 925 1458 Haber
944 1411 994 1453 ge⸗

178 1457 242 1506 ſaͤet
253 1460 330 1511 hat,
354 1454 472 1504 alsdan
488 1450 570 1510 muß
593 1464 671 1504 man
699 1458 780 1508 nicht
802 1465 921 1500 warten
940 1466 998 1497 bis

164 1513 272 1565 dieſer
286 1518 349 1564 reif
357 1518 414 1567 iſt,
431 1514 558 1567 ſondern
576 1515 653 1556 man
667 1515 744 1553 mus
763 1511 813 1556 ihn
834 1512 914 1558 gruͤn
929 1516 1001 1549 maͤ⸗

163 1563 251 1609 hen.
329 1569 405 1615 Der
427 1568 488 1609 mit
502 1566 665 1610 Raygraſe
685 1571 864 1604 vermiſchte
883 1565 991 1608 Haber

177 1615 216 1657 iſt
228 1615 279 1663 ein
291 1627 351 1663 gar
367 1623 459 1665 gutes
473 1615 585 1666 Futter
602 1623 656 1652 vor
681 1622 740 1652 das
757 1617 865 1656 Vieh.
894 1621 1001 1655 Man

178 1650 266 1701 koͤnte
280 1661 337 1710 ihn
352 1672 436 1712 zwar
452 1664 529 1708 auch
539 1675 583 1710 zu
589 1668 687 1711 Heue
710 1676 864 1714 machen;
883 1668 997 1715 allein,

178 1703 216 1760 es
225 1713 270 1763 iſt
285 1716 507 1776 vortheilhafter
526 1721 588 1764 ihn
607 1728 683 1772 gruͤn
700 1734 740 1763 zu
754 1730 956 1766 verfuͤttern.
