1770 2508
197 353 315 402 l’oubli,
327 358 400 386 dont
413 358 440 393 je
452 367 488 383 ne
500 354 568 381 ſerai
575 350 675 387 jamais
684 352 797 389 capable
805 351 822 376 à
834 359 912 377 votre
919 347 1023 387 égard;
1031 346 1103 374 mais
1110 346 1127 372 à
1134 353 1192 374 une
1201 353 1278 372 com-

193 410 350 454 plaiſance,
371 418 428 450 que
439 408 489 449 j'ai
500 407 541 439 dû
554 405 632 439 avoir
640 413 718 447 pour
733 414 795 436 mes
806 402 901 436 Amis.
943 403 979 444 Je
997 399 1055 434 ſuis
1069 398 1105 431 de
1124 407 1191 431 tout
1205 409 1278 430 mon

196 468 303 496 coeur,
315 456 371 490 &c.

447 500 545 531 Lettre
560 499 593 530 de
608 498 703 529 devoir
718 505 750 527 en
755 498 852 536 forme
866 498 898 526 de
912 491 1037 536 Réponſe.

193 553 280 622 M

280 552 400 585 onſieur.
442 549 477 592 Je
492 559 529 580 ne
540 548 590 580 ſais
604 554 753 578 comment
763 547 792 586 je
810 544 873 576 dois
887 541 1044 587 répondre,
1058 549 1121 572 non
1128 537 1284 575 ſeulement

294 601 350 630 aux
356 589 472 632 civilités
481 596 536 628 que
543 603 614 624 vous
626 600 663 627 me
680 607 778 631 rendez
790 597 841 630 par
848 591 927 631 votre
927 588 1092 628 obligeante
1102 585 1201 625 lettre,
1212 600 1289 624 mais

197 646 301 677 encore
301 642 323 675 à
333 652 393 675 tant
399 642 435 674 de
442 638 642 680 témoignages
648 637 684 669 de
694 638 791 670 bonté.
803 637 892 667 Votre
898 635 1046 675 généreux
1051 630 1185 664 ſouvenir
1194 631 1286 663 m’ob-

199 689 259 730 lige
273 688 289 719 à
303 686 380 718 mille
396 682 612 723 remercimens,
628 691 655 714 et
665 679 811 714 toute-fois
824 680 850 718 je
865 690 912 709 me
926 678 986 710 vois
997 679 1067 710 dans
1083 673 1289 719 l'impuiſſance

200 733 236 765 de
252 742 322 764 vous
338 743 373 764 en
391 729 532 772 préſenter
543 739 584 760 un
598 728 649 769 qui
661 734 733 759 vous
747 725 835 766 puiſſe
843 725 984 758 ſatisfaire.
1008 724 1032 756 Il
1040 723 1101 755 faut
1111 722 1187 754 donc
1197 730 1252 760 que
1260 718 1288 758 je

200 775 267 809 faſſe
278 784 391 812 comme
403 781 462 803 une
473 767 633 812 perſonne,
642 767 692 809 qui
701 777 772 801 vous
779 766 863 799 ſeroit
871 765 968 797 moins
976 762 1093 805 obligée
1105 773 1161 802 que
1169 764 1241 799 moi,
1252 770 1290 791 en

201 827 274 848 vous
284 815 373 848 diſant
380 812 573 854 ſimplement,
590 820 645 848 que
655 809 682 846 je
696 819 767 840 vous
777 805 834 840 ſuis
848 807 993 840 redèvable
1008 804 1132 838 au-delà
1148 807 1182 836 de
1196 813 1289 834 toutes

199 859 242 891 les
252 859 407 900 perſonnes
416 855 457 890 du
470 853 593 892 monde,
605 863 631 885 et
639 851 724 893 que
704 848 733 898 je
739 863 776 883 ne
788 852 845 884 ſuis
859 861 908 891 pas
922 847 1020 881 moins
1028 858 1081 887 par
1094 848 1192 879 devoir
1198 855 1227 877 et
1238 856 1291 886 par

200 899 431 935 reconnoiſſance
449 907 506 939 que
521 898 568 936 j'ai
580 897 714 937 toujours
728 893 771 926 été
785 905 840 936 par
855 892 1041 931 inclination,

304 947 473 983 Monſieur,
1027 939 1117 973 Votre
1133 938 1189 971 &c.

601 999 660 1031 Sur
673 999 699 1030 le
710 998 793 1030 même
797 998 883 1038 ſujet.

202 1055 250 1146 J'

250 1055 284 1100 ai
284 1054 352 1102 rêçu
363 1051 517 1088 l'honneur
527 1049 563 1085 de
571 1059 650 1084 votre
655 1051 763 1089 Lettre,
780 1057 846 1080 avec
856 1054 937 1080 toute
944 1046 970 1080 la
979 1042 1150 1079 ſatisfaction
1157 1042 1293 1087 poſſible,

264 1102 393 1136 d’autant
406 1099 507 1138 qu’elle
520 1109 566 1132 me
580 1097 680 1131 donne
694 1095 743 1129 des
757 1093 913 1128 aſſurances
925 1103 951 1126 et
959 1088 1008 1125 des
1017 1101 1136 1133 preuves
1144 1091 1179 1122 de
1193 1090 1221 1121 la
1228 1100 1296 1121 con-

202 1147 349 1181 tinuation
365 1145 400 1178 de
414 1153 493 1178 votre
505 1141 723 1183 bienveillance,
745 1140 818 1173 dont
830 1141 858 1179 je
870 1139 922 1173 fais
936 1149 963 1170 et
975 1137 1045 1169 ferai
1060 1138 1194 1176 toujours
1210 1138 1297 1166 beau-

203 1203 281 1233 coup
297 1192 383 1224 d’état
398 1197 472 1221 vous
483 1190 622 1227 aſſurant,
637 1196 693 1228 que
711 1186 747 1217 de
761 1194 808 1215 ma
819 1192 885 1224 part
896 1183 926 1223 je
937 1192 975 1214 ne
988 1178 1157 1222 manquerai
1176 1191 1227 1221 pas
1241 1179 1297 1211 d’a-

205 1233 267 1269 voir
281 1232 321 1266 du
340 1240 450 1269 retour,
466 1230 559 1268 étant,

307 1275 470 1315 Monſieur,

1039 1269 1129 1304 Votre
1137 1267 1194 1303 &c.

694 1336 719 1381 §.
744 1343 815 1382 375.

460 1384 492 1421 V.
513 1382 626 1418 Lettres
640 1380 743 1416 d'Avis.
793 1374 1045 1421 Berichtſchreiben.

652 1434 735 1467 Billet
752 1433 856 1467 d'Avis.

207 1484 278 1556 L

278 1491 304 1515 es
320 1474 450 1513 ennemis
459 1471 525 1509 ſont
541 1484 577 1507 en
589 1473 659 1508 trois
674 1472 755 1515 jours
769 1474 804 1505 de
819 1470 942 1504 marche.
983 1470 1017 1513 Je
1030 1467 1097 1503 ſerai
1106 1471 1176 1503 batu
1189 1468 1246 1504 s'ils
1262 1467 1302 1502 vi-

295 1541 406 1560 ennent
406 1534 428 1558 à
441 1522 520 1550 moi,
533 1528 561 1540 et
572 1521 600 1549 je
614 1521 672 1541 n’ai
683 1528 731 1550 pas
745 1520 816 1552 aſſez
831 1517 866 1557 de
878 1528 1015 1556 troupes:
1033 1521 1061 1556 je
1075 1524 1148 1553 vous
1163 1524 1253 1550 ſuplie
1264 1517 1303 1553 de

206 1568 376 1608 m’envoyer
391 1580 434 1601 un
447 1563 648 1602 détachement
663 1567 700 1597 tel
710 1571 769 1606 que
783 1571 856 1597 vous
869 1565 987 1606 jugerez
998 1565 1014 1591 à
1026 1567 1144 1601 propos.

689 1622 817 1669 Réponſe.

207 1681 247 1779 J

247 1681 264 1730 e
279 1690 315 1715 ne
329 1677 389 1712 vois
406 1685 454 1720 pas
468 1673 538 1722 qu’il
549 1689 570 1721 y
583 1675 621 1710 ait
635 1671 869 1710 d'inconvenient
883 1678 939 1716 que
956 1678 1027 1706 vous
1044 1671 1127 1713 ſoyez
1143 1667 1154 1671 batu,
1143 1671 1227 1706 batu,
1240 1677 1268 1699 et
1274 1671 1303 1707 je

270 1738 308 1759 ne
323 1734 395 1759 vous
409 1724 510 1761 envoie
523 1723 610 1768 point
627 1723 662 1756 de
679 1722 895 1760 détachement,
909 1718 981 1751 mais
994 1720 1022 1758 je
1037 1729 1110 1751 veux
1118 1718 1196 1747 avoir
1202 1718 1227 1746 le
1234 1717 1303 1757 plai-

207 1778 260 1813 ſir,
284 1775 369 1815 qu'ils
384 1783 459 1806 nous
474 1771 584 1804 battent
594 1775 659 1801 tous
673 1769 749 1802 deux
762 1765 916 1803 enſemble.
960 1766 1052 1808 Après
1069 1762 1183 1796 demain
1195 1763 1224 1802 je
1239 1762 1303 1794 ſou-

209 1816 287 1861 perai
299 1816 369 1850 dans
385 1825 465 1849 votre
478 1823 567 1851 tente,
585 1822 660 1845 nous
675 1811 796 1844 boirons
810 1813 826 1842 à
837 1810 864 1841 la
873 1809 950 1843 ſanté
964 1810 999 1841 de
1018 1815 1072 1839 nos
1087 1806 1232 1843 ennemis,
1249 1801 1302 1845 qui

209 1867 354 1905 pourront
365 1858 394 1890 ſe
409 1858 540 1902 repentir
560 1856 596 1889 de
613 1862 691 1889 nous
707 1853 786 1890 avoir
798 1849 922 1896 ataqués.

690 1936 719 1971 §.
750 1933 817 1977 376.

443 1986 493 2025 VI.
515 1985 629 2023 Lettres
647 1978 683 2017 de
701 1983 839 2028 Louange.
883 1977 1073 2023 Lobſchreiben.

496 2037 614 2085 Réponſe
628 2031 646 2067 à
660 2048 712 2070 une
723 2038 822 2068 Lettre
836 2036 869 2066 de
883 2035 1023 2076 Louange.

210 2098 281 2181 C

281 2092 479 2143 roiriez - vous
487 2105 574 2138 bien,
587 2099 643 2132 que
656 2093 722 2132 plus
732 2100 803 2122 vous
819 2099 866 2120 me
873 2092 975 2120 voulez
989 2082 1103 2118 donner
1113 2077 1149 2117 de
1161 2081 1187 2117 la
1193 2081 1305 2124 vanité,

292 2159 327 2187 et
334 2146 430 2178 moins
440 2147 467 2186 je
480 2144 538 2177 ſuis
547 2143 662 2187 capable
671 2143 737 2176 d’en
751 2142 894 2180 prendre?
911 2136 1079 2182 J'imagine,
1091 2145 1147 2174 que
1160 2135 1200 2166 les
1209 2139 1309 2168 louan-

210 2197 263 2233 ges
270 2198 328 2232 que
334 2196 405 2222 vous
420 2196 467 2219 me
481 2185 611 2225 donnez,
621 2182 689 2220 ſon
697 2190 797 2216 autant
811 2182 846 2216 de
863 2189 997 2224 marques
1013 2176 1047 2213 de
1056 2189 1116 2213 mes
1125 2176 1245 2213 défauts.
1278 2178 1309 2208 A
