<?xml version='1.0' encoding='utf-8'?>
<PcGts xmlns="http://schema.primaresearch.org/PAGE/gts/pagecontent/2019-07-15" xmlns:xsi="http://www.w3.org/2001/XMLSchema-instance" pcGtsId="PAGE_01" xsi:schemaLocation="http://schema.primaresearch.org/PAGE/gts/pagecontent/2019-07-15 http://schema.primaresearch.org/PAGE/gts/pagecontent/2019-07-15/pagecontent.xsd">
  <Metadata>
    <Creator>OCR-D DFG Phase III</Creator>
    <Created>2024-01-19T13:09:11Z</Created>
    <LastChange>2024-01-19T13:09:11Z</LastChange>
    <Comments>ODEM: OCR-D extension for mass digitization (2021-2024)</Comments>
  </Metadata>
  <Page imageFilename="urn+nbn+de+gbv+3+1-675350-p0645-4_ger+fre.jpg" imageWidth="1629" imageHeight="2348" type="content" secondaryLanguage="French" primaryLanguage="German">
    <Border>
      <Coords points="91,117 85,2194 1234,2218 1240,128"/>
    </Border>
    <ReadingOrder>
      <OrderedGroup id="ro_1669816752355" caption="Regions reading order">
        <RegionRefIndexed index="0" regionRef="region0002"/>
      </OrderedGroup>
    </ReadingOrder>
    <TextRegion orientation="0.0060668974" readingDirection="left-to-right" id="region0002" custom="readingOrder {index:0;}">
      <Coords points="147,278 1094,278 1094,2002 147,2002"/>
      <TextLine id="region0002_line0001" custom="readingOrder {index:0;}">
        <Coords points="233,278 160,279 155,284 155,313 166,326 249,324 281,329 330,326 347,321 362,321 370,328 385,322 394,326 413,326 427,322 446,329 474,322 482,322 490,327 553,323 561,327 584,328 601,327 607,323 647,324 654,328 689,328 706,324 718,329 754,330 784,330 800,325 821,330 875,329 888,326 895,330 947,332 971,341 999,342 1043,335 1093,333 1093,291 1084,291 1078,285 1068,285 1060,291 1004,292 998,286 987,286 981,291 958,290 951,283 942,283 935,289 899,289 814,287 808,282 797,282 791,287 721,287 679,283 664,278 612,279 588,285 567,284 561,279 538,278 495,278 473,283 456,283 453,278 434,278 430,281 427,278 413,278 409,282 402,278 382,278 379,282 347,278"/>
        <Baseline points="157,316 1093,324"/>
        <Word id="region0002_line0001_word0000" custom="readingOrder {index:0;}">
          <Coords points="216,293 276,293 276,321 216,321"/>
          <TextEquiv conf="0.907522">
            <Unicode>NB.</Unicode>
          </TextEquiv>
        </Word>
        <Word id="region0002_line0001_word0001" custom="readingOrder {index:1;}">
          <Coords points="493,287 295,287 295,328 297,328 330,326 347,321 362,321 370,328 385,322 394,326 413,326 427,322 443,328 450,328 474,322 482,322 490,327 493,326"/>
          <TextEquiv conf="0.90481913">
            <Unicode>Dergleichen</Unicode>
          </TextEquiv>
        </Word>
        <Word id="region0002_line0001_word0002" custom="readingOrder {index:2;}">
          <Coords points="501,288 727,288 727,323 501,323"/>
          <TextEquiv>
            <Unicode>Redens⸗Arten</Unicode>
          </TextEquiv>
        </Word>
        <Word id="region0002_line0001_word0003" custom="readingOrder {index:3;}">
          <Coords points="735,290 850,290 850,322 735,322"/>
          <TextEquiv conf="0.92056197">
            <Unicode>werden</Unicode>
          </TextEquiv>
        </Word>
        <Word id="region0002_line0001_word0004" custom="readingOrder {index:4;}">
          <Coords points="860,296 917,296 917,321 860,321"/>
          <TextEquiv conf="0.93207914">
            <Unicode>nur</Unicode>
          </TextEquiv>
        </Word>
        <Word id="region0002_line0001_word0005" custom="readingOrder {index:5;}">
          <Coords points="936,288 935,289 926,289 926,329 1015,329 1015,291 1004,292 1000,288 984,288 981,291 958,290 956,288"/>
          <TextEquiv conf="0.9214402">
            <Unicode>einzig</Unicode>
          </TextEquiv>
        </Word>
        <Word id="region0002_line0001_word0006" custom="readingOrder {index:6;}">
          <Coords points="1064,288 1060,291 1025,291 1025,322 1086,322 1086,291 1084,291 1081,288"/>
          <TextEquiv conf="0.91984403">
            <Unicode>und</Unicode>
          </TextEquiv>
        </Word>
        <TextEquiv>
          <Unicode>NB. Dergleichen Redens⸗Arten werden nur einzig und</Unicode>
        </TextEquiv>
      </TextLine>
      <TextLine id="region0002_line0002" custom="readingOrder {index:1;}">
        <Coords points="347,322 330,327 283,329 279,333 279,356 289,360 332,366 347,364 354,368 415,367 422,364 464,367 475,362 484,362 492,366 557,366 569,362 592,362 686,368 695,373 740,367 756,375 811,371 821,367 835,371 882,370 886,374 924,373 958,366 956,336 940,332 895,331 888,327 875,330 821,331 800,326 784,331 754,331 718,330 706,325 689,329 654,329 647,325 607,324 601,328 562,330 553,324 490,328 482,323 474,323 446,330 427,323 413,327 394,327 385,323 370,329 362,322"/>
        <Baseline points="279,354 957,361"/>
        <Word id="region0002_line0002_word0000" custom="readingOrder {index:0;}">
          <Coords points="408,365 408,330 322,330 322,364 324,365 339,365 347,364 348,365"/>
          <TextEquiv conf="0.92804277">
            <Unicode>allein</Unicode>
          </TextEquiv>
        </Word>
        <Word id="region0002_line0002_word0001" custom="readingOrder {index:1;}">
          <Coords points="419,332 450,332 450,364 419,364"/>
          <TextEquiv conf="0.9246883">
            <Unicode>in</Unicode>
          </TextEquiv>
        </Word>
        <Word id="region0002_line0002_word0002" custom="readingOrder {index:2;}">
          <Coords points="740,331 465,331 465,366 475,362 484,362 492,366 557,366 569,362 592,362 686,368 689,370 717,370 740,367"/>
          <TextEquiv conf="0.9232966">
            <Unicode>familier-diſcurſen</Unicode>
          </TextEquiv>
        </Word>
        <Word id="region0002_line0002_word0003" custom="readingOrder {index:3;}">
          <Coords points="787,330 784,331 755,331 755,370 813,370 821,367 831,370 882,370 921,370 921,331 895,331 893,330 875,330 821,331 816,330"/>
          <TextEquiv conf="0.92435646">
            <Unicode>gebraucht.</Unicode>
          </TextEquiv>
        </Word>
        <TextEquiv>
          <Unicode>allein in familier-diſcurſen gebraucht.</Unicode>
        </TextEquiv>
      </TextLine>
      <TextLine id="region0002_line0003" custom="readingOrder {index:2;}">
        <Coords points="251,358 227,364 210,363 205,359 193,362 147,362 147,401 166,400 188,404 197,411 315,409 328,405 342,408 358,404 364,412 373,411 381,406 425,410 453,410 459,406 467,406 474,413 478,413 509,406 519,411 538,410 544,413 557,413 563,410 577,410 582,414 597,410 672,410 694,416 741,410 766,413 792,410 800,414 820,411 827,415 834,410 877,413 903,410 926,415 956,414 962,411 977,415 989,411 1003,415 1021,415 1036,411 1093,414 1093,375 1080,374 1075,370 1064,370 1059,374 1030,373 1025,369 1017,369 1012,373 988,373 981,372 975,366 965,366 960,370 956,368 938,373 886,375 882,371 835,372 821,368 811,372 756,376 740,368 695,374 682,369 650,368 632,364 569,363 557,367 506,368 475,363 464,368 422,365 415,368 383,370 354,369 347,365 332,367 281,358"/>
        <Word id="region0002_line0003_word0000" custom="readingOrder {index:0;}">
          <Coords points="256,409 256,369 191,369 191,406 194,409"/>
          <TextEquiv conf="0.8899594">
            <Unicode>(30)</Unicode>
          </TextEquiv>
        </Word>
        <Word id="region0002_line0003_word0001" custom="readingOrder {index:1;}">
          <Coords points="268,368 268,405 328,405 354,405 354,369 352,368"/>
          <TextEquiv conf="0.9291385">
            <Unicode>Wird</Unicode>
          </TextEquiv>
        </Word>
        <Word id="word_1658479121852_3300" custom="readingOrder {index:2;}">
          <Coords points="363,370 410,370 410,408 403,408 381,406 377,408 363,408"/>
          <TextEquiv>
            <Unicode>que</Unicode>
          </TextEquiv>
        </Word>
        <Word id="word_1658479121852_3299" custom="readingOrder {index:3;}">
          <Coords points="410,370 461,370 461,406 459,406 456,408 410,408"/>
          <TextEquiv>
            <Unicode>im</Unicode>
          </TextEquiv>
        </Word>
        <Word id="region0002_line0003_word0003" custom="readingOrder {index:4;}">
          <Coords points="470,367 470,409 495,409 509,406 515,409 682,409 682,369 650,368 645,367 557,367 506,368 499,367"/>
          <TextEquiv conf="0.92720723">
            <Unicode>frantzoͤſiſchen</Unicode>
          </TextEquiv>
        </Word>
        <Word id="region0002_line0003_word0004" custom="readingOrder {index:5;}">
          <Coords points="691,408 851,408 851,371 835,372 821,368 811,372 756,376 740,368 695,374 691,372"/>
          <TextEquiv conf="0.92337364">
            <Unicode>gebraucht</Unicode>
          </TextEquiv>
        </Word>
        <Word id="region0002_line0003_word0005" custom="readingOrder {index:6;}">
          <Coords points="875,403 912,403 912,374 886,375 882,371 875,371"/>
          <TextEquiv conf="0.9294951">
            <Unicode>da</Unicode>
          </TextEquiv>
        </Word>
        <Word id="region0002_line0003_word0006" custom="readingOrder {index:7;}">
          <Coords points="921,401 955,401 955,370 948,370 938,373 921,373"/>
          <TextEquiv conf="0.92726016">
            <Unicode>es</Unicode>
          </TextEquiv>
        </Word>
        <Word id="region0002_line0003_word0007" custom="readingOrder {index:8;}">
          <Coords points="964,369 964,402 1004,402 1004,373 988,373 981,372 978,369"/>
          <TextEquiv conf="0.9318008">
            <Unicode>im</Unicode>
          </TextEquiv>
        </Word>
        <Word id="region0002_line0003_word0008" custom="readingOrder {index:9;}">
          <Coords points="1013,372 1013,372 1013,402 1084,402 1084,374 1080,374 1078,372 1062,372 1059,374 1030,373 1029,372"/>
          <TextEquiv conf="0.9316689">
            <Unicode>teut⸗</Unicode>
          </TextEquiv>
        </Word>
        <TextEquiv>
          <Unicode>(30) Wird que im frantzoͤſiſchen gebraucht da es im teut⸗</Unicode>
        </TextEquiv>
      </TextLine>
      <TextLine id="region0002_line0004" custom="readingOrder {index:3;}">
        <Coords points="161,401 147,402 147,447 161,451 173,446 182,446 187,451 213,446 250,453 262,445 279,449 295,445 303,449 350,448 363,454 380,446 393,446 400,450 406,447 419,447 424,454 433,455 444,449 495,446 501,449 513,447 519,451 538,447 551,452 582,451 588,448 601,452 622,452 630,448 644,448 653,453 669,448 677,454 734,452 740,455 775,455 780,458 788,457 794,452 815,454 822,450 837,457 848,453 895,458 934,453 948,456 966,453 1019,453 1053,459 1093,458 1093,415 1045,412 1021,416 1003,416 995,412 979,416 964,412 956,415 926,416 903,411 892,414 834,411 827,416 820,412 800,415 792,411 773,414 741,411 694,417 672,411 597,411 588,415 582,415 577,411 563,411 557,414 544,414 538,411 519,412 509,407 478,414 474,414 467,407 459,407 453,411 381,407 373,412 364,413 358,405 342,409 328,406 315,410 197,412 188,405"/>
        <Word id="region0002_line0004_word0000" custom="readingOrder {index:0;}">
          <Coords points="154,408 154,449 157,450 163,450 173,446 182,446 186,450 192,450 213,446 234,449 234,411 197,412 191,408"/>
          <TextEquiv conf="0.92753303">
            <Unicode>ſchen</Unicode>
          </TextEquiv>
        </Word>
        <Word id="region0002_line0004_word0001" custom="readingOrder {index:1;}">
          <Coords points="297,418 242,418 242,449 256,449 262,445 279,449 295,445 297,446"/>
          <TextEquiv conf="0.9281857">
            <Unicode>gar</Unicode>
          </TextEquiv>
        </Word>
        <Word id="region0002_line0004_word0002" custom="readingOrder {index:2;}">
          <Coords points="381,407 373,412 364,413 358,405 342,409 328,406 315,410 306,410 306,448 350,448 363,454 380,446 381,446"/>
          <TextEquiv conf="0.92677206">
            <Unicode>nicht</Unicode>
          </TextEquiv>
        </Word>
        <Word id="region0002_line0004_word0003" custom="readingOrder {index:3;}">
          <Coords points="555,414 544,414 538,411 519,412 509,407 478,414 474,414 467,407 459,407 453,411 400,408 400,450 406,447 419,447 424,454 434,454 444,449 495,446 501,449 513,447 519,451 538,447 551,452 555,451"/>
          <TextEquiv conf="0.9239549">
            <Unicode>exprimiret</Unicode>
          </TextEquiv>
        </Word>
        <Word id="word_1658479144959_3319" custom="readingOrder {index:4;}">
          <Coords points="571,412 662,411 672,411 679,412 679,453 677,454 571,445"/>
          <TextEquiv>
            <Unicode>wird/</Unicode>
          </TextEquiv>
        </Word>
        <Word id="region0002_line0004_word0006" custom="readingOrder {index:5;}">
          <Coords points="697,443 757,443 757,413 725,413 697,416"/>
          <TextEquiv conf="0.928615">
            <Unicode>und</Unicode>
          </TextEquiv>
        </Word>
        <Word id="region0002_line0004_word0007" custom="readingOrder {index:6;}">
          <Coords points="874,450 874,413 834,411 827,416 820,412 800,415 792,411 779,413 779,450 822,450"/>
          <TextEquiv conf="0.9250481">
            <Unicode>heiſſet</Unicode>
          </TextEquiv>
        </Word>
        <Word id="region0002_line0004_word0008" custom="readingOrder {index:7;}">
          <Coords points="893,448 922,448 922,415 903,411 893,413"/>
          <TextEquiv conf="0.9270992">
            <Unicode>ſo</Unicode>
          </TextEquiv>
        </Word>
        <Word id="region0002_line0004_word0009" custom="readingOrder {index:8;}">
          <Coords points="940,445 997,445 997,413 995,412 979,416 964,412 956,415 940,415"/>
          <TextEquiv conf="0.93192625">
            <Unicode>viel</Unicode>
          </TextEquiv>
        </Word>
        <Word id="region0002_line0004_word0010" custom="readingOrder {index:9;}">
          <Coords points="1014,445 1083,445 1083,414 1045,412 1021,416 1014,416"/>
          <TextEquiv conf="0.9265028">
            <Unicode>als:</Unicode>
          </TextEquiv>
        </Word>
        <TextEquiv>
          <Unicode>ſchen gar nicht exprimiret wird/ und heiſſet ſo viel als:</Unicode>
        </TextEquiv>
      </TextLine>
      <TextLine id="region0002_line0005" custom="readingOrder {index:4;}">
        <Coords points="262,446 250,454 213,447 193,452 187,452 182,447 173,447 163,452 147,448 147,493 201,492 208,495 219,489 225,491 247,488 252,491 301,495 350,492 362,488 379,497 391,493 412,493 419,489 433,497 441,497 457,490 471,494 484,492 494,495 502,489 525,489 536,493 583,490 591,495 623,491 630,498 639,495 684,497 689,493 709,497 745,497 760,494 791,503 807,501 812,495 820,495 827,499 928,498 931,502 964,503 989,501 995,497 1005,497 1009,500 1093,500 1093,459 1053,460 1019,454 966,454 950,457 934,454 895,459 861,457 857,454 837,458 822,451 815,455 794,453 788,458 780,459 775,456 740,456 734,453 677,455 669,449 650,454 644,449 630,449 622,453 601,453 594,449 551,453 538,448 519,452 513,448 501,450 495,447 467,447 427,456 419,448 406,448 400,451 393,447 380,447 360,455 350,449 303,450 293,446 279,450"/>
        <Word id="word_1658479158185_3325" custom="readingOrder {index:0;}">
          <Coords points="154,457 305,451 319,451 321,457 321,493 301,495 208,495 154,492"/>
          <TextEquiv>
            <Unicode>Nehmlich/</Unicode>
          </TextEquiv>
        </Word>
        <Word id="region0002_line0005_word0002" custom="readingOrder {index:1;}">
          <Coords points="420,456 329,456 329,493 350,492 362,488 377,496 382,496 391,493 412,493 419,489 420,489"/>
          <TextEquiv conf="0.93186027">
            <Unicode>dieſes</Unicode>
          </TextEquiv>
        </Word>
        <Word id="region0002_line0005_word0003" custom="readingOrder {index:2;}">
          <Coords points="578,457 427,457 427,493 433,497 441,497 457,490 471,494 484,492 494,495 502,489 525,489 536,493 578,490"/>
          <TextEquiv conf="0.9294021">
            <Unicode>geſchiehet</Unicode>
          </TextEquiv>
        </Word>
        <Word id="region0002_line0005_word0004" custom="readingOrder {index:3;}">
          <Coords points="586,458 616,458 616,491 586,491"/>
          <TextEquiv conf="0.9326497">
            <Unicode>in</Unicode>
          </TextEquiv>
        </Word>
        <Word id="region0002_line0005_word0005" custom="readingOrder {index:4;}">
          <Coords points="626,455 626,494 628,496 636,496 639,495 661,496 685,496 689,493 704,496 750,496 760,494 766,496 777,496 777,457 775,456 740,456 738,455 677,455"/>
          <TextEquiv conf="0.93048096">
            <Unicode>folgenden</Unicode>
          </TextEquiv>
        </Word>
        <Word id="region0002_line0005_word0006" custom="readingOrder {index:5;}">
          <Coords points="791,455 788,458 786,458 786,499 808,499 812,495 820,495 827,499 909,498 909,457 895,459 861,457 858,455 852,455 837,458 830,455 815,455"/>
          <TextEquiv conf="0.89934593">
            <Unicode>Faͤlleu:</Unicode>
          </TextEquiv>
        </Word>
        <Word id="region0002_line0005_word0007" custom="readingOrder {index:6;}">
          <Coords points="927,457 975,457 975,497 927,497"/>
          <TextEquiv conf="0.9610993">
            <Unicode>(1)</Unicode>
          </TextEquiv>
        </Word>
        <Word id="region0002_line0005_word0008" custom="readingOrder {index:7;}">
          <Coords points="985,458 985,492 1088,492 1088,459 1053,460 1041,458"/>
          <TextEquiv conf="0.9165525">
            <Unicode>Wenn</Unicode>
          </TextEquiv>
        </Word>
        <TextEquiv>
          <Unicode>Nehmlich/ dieſes geſchiehet in folgenden Faͤlleu: (1) Wenn</Unicode>
        </TextEquiv>
      </TextLine>
      <TextLine id="region0002_line0006" custom="readingOrder {index:5;}">
        <Coords points="236,489 225,492 219,490 208,496 201,493 147,494 147,534 209,535 227,530 235,530 242,534 275,534 299,529 404,533 422,529 431,531 434,537 441,539 460,533 484,532 489,535 508,533 513,536 558,536 567,541 585,534 604,535 618,532 622,535 631,535 636,532 654,534 672,531 687,535 744,538 836,538 848,535 864,535 884,540 938,541 961,541 980,537 1011,540 1093,538 1093,504 1059,499 1009,501 1005,498 995,498 989,502 964,504 931,503 928,499 828,501 820,496 812,496 807,502 791,504 781,500 768,500 760,495 750,495 744,499 709,498 694,494 684,498 639,496 630,499 623,492 591,496 583,491 536,494 525,490 502,490 494,496 484,493 471,495 457,491 445,497 433,498 419,490 411,496 389,495 379,498 362,489 348,494 301,496"/>
        <Word id="region0002_line0006_word0000" custom="readingOrder {index:0;}">
          <Coords points="227,497 155,497 155,534 212,534 227,530"/>
          <TextEquiv conf="0.91806674">
            <Unicode>nach</Unicode>
          </TextEquiv>
        </Word>
        <Word id="region0002_line0006_word0001" custom="readingOrder {index:1;}">
          <Coords points="236,497 300,497 300,529 236,529"/>
          <TextEquiv conf="0.8302033">
            <Unicode>bem</Unicode>
          </TextEquiv>
        </Word>
        <Word id="region0002_line0006_word0002" custom="readingOrder {index:2;}">
          <Coords points="307,497 307,528 396,528 396,497 382,497 379,498 377,497"/>
          <TextEquiv conf="0.92387146">
            <Unicode>verbo</Unicode>
          </TextEquiv>
        </Word>
        <Word id="word_1658479182572_3332" custom="readingOrder {index:3;}">
          <Coords points="405,498 468,498 485,518 485,531 447,537 434,537 405,532"/>
          <TextEquiv>
            <Unicode>c'eſt,</Unicode>
          </TextEquiv>
        </Word>
        <Word id="region0002_line0006_word0005" custom="readingOrder {index:4;}">
          <Coords points="496,497 544,497 544,533 496,533"/>
          <TextEquiv conf="0.9307992">
            <Unicode>Es</Unicode>
          </TextEquiv>
        </Word>
        <Word id="region0002_line0006_word0006" custom="readingOrder {index:5;}">
          <Coords points="603,497 553,497 553,536 558,536 567,541 585,534 603,534"/>
          <TextEquiv conf="0.9127532">
            <Unicode>iſt,</Unicode>
          </TextEquiv>
        </Word>
        <Word id="region0002_line0006_word0007" custom="readingOrder {index:6;}">
          <Coords points="614,498 614,529 664,529 664,498 633,498 630,499 629,498"/>
          <TextEquiv conf="0.9216592">
            <Unicode>der</Unicode>
          </TextEquiv>
        </Word>
        <Word id="region0002_line0006_word0008" custom="readingOrder {index:7;}">
          <Coords points="673,498 673,530 890,530 890,499 828,501 823,498 810,498 807,502 791,504 781,500 768,500 764,498 745,498 744,499 709,498 684,498"/>
          <TextEquiv conf="0.9216592">
            <Unicode>Nominativus,</Unicode>
          </TextEquiv>
        </Word>
        <Word id="region0002_line0006_word0009" custom="readingOrder {index:8;}">
          <Coords points="899,529 970,529 970,503 964,504 931,503 928,499 899,499"/>
          <TextEquiv conf="0.9286846">
            <Unicode>oder</Unicode>
          </TextEquiv>
        </Word>
        <Word id="region0002_line0006_word0010" custom="readingOrder {index:9;}">
          <Coords points="979,529 1025,529 1025,500 1009,501 1005,498 995,498 989,502 979,502"/>
          <TextEquiv conf="0.93128467">
            <Unicode>ein</Unicode>
          </TextEquiv>
        </Word>
        <Word id="region0002_line0006_word0011" custom="readingOrder {index:10;}">
          <Coords points="1034,500 1033,500 1033,526 1088,526 1088,503 1065,500"/>
          <TextEquiv conf="0.91945755">
            <Unicode>Ge-</Unicode>
          </TextEquiv>
        </Word>
        <TextEquiv>
          <Unicode>nach bem verbo c'eſt, Es iſt, der Nominativus, oder ein Ge-</Unicode>
        </TextEquiv>
      </TextLine>
      <TextLine id="region0002_line0007" custom="readingOrder {index:6;}">
        <Coords points="299,530 275,535 243,536 235,531 227,531 209,536 147,536 147,573 253,573 271,570 289,575 296,580 303,580 309,576 326,577 330,574 340,575 345,579 394,578 406,574 416,581 424,577 480,579 493,574 504,574 510,578 617,578 627,579 633,583 642,583 649,579 731,577 748,584 760,584 767,578 789,577 819,583 843,582 850,585 865,579 874,579 881,585 895,582 932,583 948,579 997,581 1025,578 1037,581 1055,578 1061,573 1061,546 1056,541 988,538 961,542 884,541 864,536 848,536 835,540 775,542 687,536 672,532 654,535 636,533 631,536 622,536 618,533 604,536 585,535 567,542 558,537 513,537 508,534 489,536 484,533 458,535 441,540 434,538 431,532 422,530 404,534"/>
        <Word id="region0002_line0007_word0000" custom="readingOrder {index:0;}">
          <Coords points="154,539 285,539 285,568 154,568"/>
          <TextEquiv>
            <Unicode>rundium</Unicode>
          </TextEquiv>
        </Word>
        <Word id="region0002_line0007_word0001" custom="readingOrder {index:1;}">
          <Coords points="400,538 295,538 295,579 296,580 303,580 309,576 326,577 330,574 340,575 345,579 394,578 400,576"/>
          <TextEquiv conf="0.9134221">
            <Unicode>ſtehet,</Unicode>
          </TextEquiv>
        </Word>
        <Word id="region0002_line0007_word0002" custom="readingOrder {index:2;}">
          <Coords points="408,538 408,575 411,578 422,578 424,577 436,577 436,538 434,538"/>
          <TextEquiv>
            <Unicode>ſo</Unicode>
          </TextEquiv>
        </Word>
        <Word id="region0002_line0007_word0003" custom="readingOrder {index:3;}">
          <Coords points="444,573 517,573 517,538 447,538 444,539"/>
          <TextEquiv conf="0.9313482">
            <Unicode>wird</Unicode>
          </TextEquiv>
        </Word>
        <Word id="region0002_line0007_word0004" custom="readingOrder {index:4;}">
          <Coords points="525,544 580,544 580,572 525,572"/>
          <TextEquiv conf="0.93028677">
            <Unicode>vor</Unicode>
          </TextEquiv>
        </Word>
        <Word id="region0002_line0007_word0005" custom="readingOrder {index:5;}">
          <Coords points="589,538 589,578 617,578 690,578 725,577 725,538 716,538"/>
          <TextEquiv conf="0.9282739">
            <Unicode>dieſelben</Unicode>
          </TextEquiv>
        </Word>
        <Word id="region0002_line0007_word0006" custom="readingOrder {index:6;}">
          <Coords points="741,548 795,548 795,576 741,576"/>
          <TextEquiv conf="0.9328318">
            <Unicode>que</Unicode>
          </TextEquiv>
        </Word>
        <Word id="region0002_line0007_word0007" custom="readingOrder {index:7;}">
          <Coords points="841,538 835,540 811,540 811,577 939,577 939,541 884,541 872,538"/>
          <TextEquiv conf="0.927596">
            <Unicode>geſetzet,</Unicode>
          </TextEquiv>
        </Word>
        <Word id="region0002_line0007_word0008" custom="readingOrder {index:8;}">
          <Coords points="981,539 961,542 957,541 957,571 1024,571 1024,539 1010,539"/>
          <TextEquiv conf="0.9149349">
            <Unicode>als:</Unicode>
          </TextEquiv>
        </Word>
        <TextEquiv>
          <Unicode>rundium ſtehet, ſo wird vor dieſelben que geſetzet, als:</Unicode>
        </TextEquiv>
      </TextLine>
      <TextLine id="region0002_line0008" custom="readingOrder {index:7;}">
        <Coords points="259,571 253,574 147,574 147,608 197,611 203,614 257,614 291,610 310,615 409,613 460,618 593,619 635,621 641,627 650,628 660,628 666,620 680,620 859,626 866,632 877,632 885,626 1002,627 1008,633 1018,633 1023,628 1093,629 1093,586 1071,585 1064,578 1052,579 1048,584 1022,579 997,582 948,580 932,584 895,583 890,586 881,586 874,580 865,580 850,586 843,583 819,584 789,578 767,579 760,585 748,585 731,578 647,581 633,584 606,580 510,579 504,575 493,575 480,580 423,579 417,582 406,575 394,579 345,580 340,576 330,575 326,578 309,577 303,581 296,581 289,576 271,571"/>
        <Word id="word_1658479234741_3372" custom="readingOrder {index:0;}">
          <Coords points="196,584 239,582 280,582 280,612 239,612 197,611 196,610"/>
          <TextEquiv>
            <Unicode>C’ eſt</Unicode>
          </TextEquiv>
        </Word>
        <Word id="word_1658479234741_3371" custom="readingOrder {index:1;}">
          <Coords points="280,582 322,582 322,612 280,612"/>
          <TextEquiv>
            <Unicode>un</Unicode>
          </TextEquiv>
        </Word>
        <Word id="region0002_line0008_word0002" custom="readingOrder {index:2;}">
          <Coords points="330,581 388,581 388,612 330,612"/>
          <TextEquiv conf="0.72588164">
            <Unicode>fort</Unicode>
          </TextEquiv>
        </Word>
        <Word id="region0002_line0008_word0003" custom="readingOrder {index:3;}">
          <Coords points="394,582 486,582 486,612 394,612"/>
          <TextEquiv>
            <Unicode>ſavant</Unicode>
          </TextEquiv>
        </Word>
        <Word id="region0002_line0008_word0004" custom="readingOrder {index:4;}">
          <Coords points="494,579 494,611 626,611 626,582 606,580 510,579"/>
          <TextEquiv conf="0.90853465">
            <Unicode>homme,</Unicode>
          </TextEquiv>
        </Word>
        <Word id="region0002_line0008_word0005" custom="readingOrder {index:5;}">
          <Coords points="636,588 691,588 691,618 636,618"/>
          <TextEquiv conf="0.9324845">
            <Unicode>que</Unicode>
          </TextEquiv>
        </Word>
        <Word id="region0002_line0008_word0006" custom="readingOrder {index:6;}">
          <Coords points="698,581 698,612 787,612 787,581 764,581 760,585 748,585 738,581"/>
          <TextEquiv>
            <Unicode>Monſ.</Unicode>
          </TextEquiv>
        </Word>
        <Word id="region0002_line0008_word0007" custom="readingOrder {index:7;}">
          <Coords points="795,582 795,613 837,613 837,583 819,584 809,582"/>
          <TextEquiv conf="0.91436076">
            <Unicode>N.</Unicode>
          </TextEquiv>
        </Word>
        <Word id="region0002_line0008_word0008" custom="readingOrder {index:8;}">
          <Coords points="865,580 855,584 855,620 937,620 937,582 932,584 895,583 890,586 881,586 874,580"/>
          <TextEquiv conf="0.91782135">
            <Unicode>Herr</Unicode>
          </TextEquiv>
        </Word>
        <Word id="region0002_line0008_word0009" custom="readingOrder {index:9;}">
          <Coords points="949,613 991,613 991,581 949,580"/>
          <TextEquiv conf="0.91782135">
            <Unicode>N.</Unicode>
          </TextEquiv>
        </Word>
        <Word id="region0002_line0008_word0010" custom="readingOrder {index:10;}">
          <Coords points="998,619 1031,619 1031,580 1022,579 998,581"/>
          <TextEquiv conf="0.92872375">
            <Unicode>iſt</Unicode>
          </TextEquiv>
        </Word>
        <Word id="region0002_line0008_word0011" custom="readingOrder {index:11;}">
          <Coords points="1050,581 1048,584 1039,582 1039,615 1086,615 1086,585 1071,585 1067,581"/>
          <TextEquiv conf="0.9317257">
            <Unicode>ein</Unicode>
          </TextEquiv>
        </Word>
        <TextEquiv>
          <Unicode>C’ eſt un fort ſavant homme, que Monſ. N. Herr N. iſt ein</Unicode>
        </TextEquiv>
      </TextLine>
      <TextLine id="region0002_line0009" custom="readingOrder {index:8;}">
        <Coords points="147,610 147,663 152,666 167,665 171,662 191,664 201,656 218,656 235,665 241,664 251,656 299,664 307,661 378,662 383,658 394,658 399,662 432,662 445,657 456,661 529,661 542,660 548,654 548,626 540,620 460,619 409,614 321,617 291,611 266,612 248,617 219,617 197,612"/>
        <Word id="region0002_line0009_word0000" custom="readingOrder {index:0;}">
          <Coords points="220,623 156,623 156,665 167,665 171,662 191,664 201,656 218,656 220,657"/>
          <TextEquiv conf="0.9284189">
            <Unicode>ſehr</Unicode>
          </TextEquiv>
        </Word>
        <Word id="region0002_line0009_word0001" custom="readingOrder {index:1;}">
          <Coords points="371,621 228,621 228,661 235,665 241,664 251,656 299,664 307,661 371,661"/>
          <TextEquiv conf="0.93078387">
            <Unicode>gelehrter</Unicode>
          </TextEquiv>
        </Word>
        <Word id="region0002_line0009_word0002" custom="readingOrder {index:2;}">
          <Coords points="496,659 496,623 379,623 379,659 381,659 383,658 394,658 395,659 439,659 445,657 450,659"/>
          <TextEquiv conf="0.930715">
            <Unicode>Mann.</Unicode>
          </TextEquiv>
        </Word>
        <TextEquiv>
          <Unicode>ſehr gelehrter Mann.</Unicode>
        </TextEquiv>
      </TextLine>
      <TextLine id="region0002_line0010" custom="readingOrder {index:9;}">
        <Coords points="549,654 541,663 456,662 445,658 432,663 399,663 394,659 383,659 378,663 307,662 297,665 288,662 267,662 259,657 251,657 241,665 235,666 218,657 201,657 191,665 171,663 167,666 151,667 150,691 159,697 223,696 228,699 249,699 254,696 277,698 314,695 360,700 417,700 425,704 431,704 440,697 447,697 475,701 482,706 490,707 498,706 503,701 582,701 612,704 803,701 807,704 849,702 854,705 886,706 916,706 924,703 951,703 959,706 980,704 990,709 1054,713 1060,709 1071,709 1075,712 1093,711 1093,662 1015,661 1004,665 999,661 988,661 981,669 968,669 891,667 885,659 872,657 864,666 845,667 837,658 825,658 820,663 813,656 800,656 790,664 717,665 711,656 700,655 694,659 692,665 616,664 567,663 563,655"/>
        <Baseline points="150,686 1093,701"/>
        <Word id="region0002_line0010_word0000" custom="readingOrder {index:0;}">
          <Coords points="194,663 194,689 234,689 234,665 229,663"/>
          <TextEquiv conf="0.96937233">
            <Unicode>Ce</Unicode>
          </TextEquiv>
        </Word>
        <Word id="region0002_line0010_word0001" custom="readingOrder {index:1;}">
          <Coords points="244,662 242,664 242,690 300,690 300,664 297,665 288,662 267,662"/>
          <TextEquiv>
            <Unicode>ſera</Unicode>
          </TextEquiv>
        </Word>
        <Word id="region0002_line0010_word0002" custom="readingOrder {index:2;}">
          <Coords points="307,669 344,669 344,689 307,689"/>
          <TextEquiv conf="0.96804845">
            <Unicode>un</Unicode>
          </TextEquiv>
        </Word>
        <Word id="region0002_line0010_word0003" custom="readingOrder {index:3;}">
          <Coords points="381,660 378,663 353,662 353,696 466,696 466,662 456,662 450,660 439,660 432,663 399,663 395,660"/>
          <TextEquiv conf="0.35265496">
            <Unicode>miracle</Unicode>
          </TextEquiv>
        </Word>
        <Word id="region0002_line0010_word0004" custom="readingOrder {index:4;}">
          <Coords points="475,670 532,670 532,700 475,700"/>
          <TextEquiv conf="0.9660084">
            <Unicode>que</Unicode>
          </TextEquiv>
        </Word>
        <Word id="region0002_line0010_word0005" custom="readingOrder {index:5;}">
          <Coords points="544,659 541,663 541,688 575,688 575,663 567,663 565,659"/>
          <TextEquiv conf="0.9700052">
            <Unicode>de</Unicode>
          </TextEquiv>
        </Word>
        <Word id="region0002_line0010_word0006" custom="readingOrder {index:6;}">
          <Coords points="581,670 652,670 652,693 581,693"/>
          <TextEquiv conf="0.96678543">
            <Unicode>vous</Unicode>
          </TextEquiv>
        </Word>
        <Word id="region0002_line0010_word0007" custom="readingOrder {index:7;}">
          <Coords points="693,660 692,665 660,664 660,691 724,691 724,664 717,665 713,660"/>
          <TextEquiv conf="0.9582625">
            <Unicode>voir</Unicode>
          </TextEquiv>
        </Word>
        <Word id="region0002_line0010_word0008" custom="readingOrder {index:8;}">
          <Coords points="732,670 786,670 786,689 732,689"/>
          <TextEquiv conf="0.96787333">
            <Unicode>une</Unicode>
          </TextEquiv>
        </Word>
        <Word id="region0002_line0010_word0009" custom="readingOrder {index:9;}">
          <Coords points="795,660 795,690 849,690 849,666 845,667 838,660 823,660 820,663 817,660"/>
          <TextEquiv conf="0.96085924">
            <Unicode>fois</Unicode>
          </TextEquiv>
        </Word>
        <Word id="region0002_line0010_word0010" custom="readingOrder {index:10;}">
          <Coords points="869,660 864,666 859,666 859,690 923,690 923,667 891,667 885,660"/>
          <TextEquiv conf="0.9623306">
            <Unicode>chez</Unicode>
          </TextEquiv>
        </Word>
        <Word id="region0002_line0010_word0011" custom="readingOrder {index:11;}">
          <Coords points="988,661 981,669 968,669 938,668 938,695 1016,695 1016,661 1015,661 1004,665 999,661"/>
          <TextEquiv conf="0.8699839">
            <Unicode>moi,</Unicode>
          </TextEquiv>
        </Word>
        <Word id="region0002_line0010_word0012" custom="readingOrder {index:12;}">
          <Coords points="1038,697 1087,697 1087,661 1038,661"/>
          <TextEquiv conf="0.9320803">
            <Unicode>Es</Unicode>
          </TextEquiv>
        </Word>
        <TextEquiv>
          <Unicode>Ce ſera un miracle que de vous voir une fois chez moi, Es</Unicode>
        </TextEquiv>
      </TextLine>
      <TextLine id="region0002_line0011" custom="readingOrder {index:10;}">
        <Coords points="307,696 277,699 254,697 249,700 228,700 223,697 212,697 207,700 196,697 185,697 180,700 147,700 147,741 172,738 185,742 202,738 211,742 229,742 251,737 257,743 320,748 351,745 423,747 434,754 443,754 449,748 476,752 481,748 514,751 519,748 607,747 636,750 674,748 679,752 687,752 692,748 748,749 787,751 793,756 806,756 811,751 863,750 909,752 919,754 925,759 934,759 941,752 960,752 996,754 1005,762 1014,762 1020,755 1053,755 1066,758 1093,756 1093,712 1075,713 1071,710 1060,710 1054,714 990,710 980,705 959,707 951,704 924,704 916,707 872,708 856,707 849,703 813,706 803,702 789,702 778,706 517,702 503,703 490,708 447,698 440,698 431,705 425,705 419,702 388,699 360,701"/>
        <Word id="region0002_line0011_word0000" custom="readingOrder {index:0;}">
          <Coords points="230,741 230,708 153,708 153,740 172,738 181,741 189,741 202,738 208,741"/>
          <TextEquiv conf="0.9207602">
            <Unicode>wird</Unicode>
          </TextEquiv>
        </Word>
        <Word id="region0002_line0011_word0001" custom="readingOrder {index:1;}">
          <Coords points="285,741 285,706 239,706 239,739 251,737 255,741"/>
          <TextEquiv conf="0.9275088">
            <Unicode>ein</Unicode>
          </TextEquiv>
        </Word>
        <Word id="region0002_line0011_word0002" custom="readingOrder {index:2;}">
          <Coords points="293,706 427,706 427,744 293,744"/>
          <TextEquiv conf="0.92779815">
            <Unicode>Wunder</Unicode>
          </TextEquiv>
        </Word>
        <Word id="word_1658479293033_3416" custom="readingOrder {index:3;}">
          <Coords points="435,705 526,702 544,702 544,747 519,748 435,748"/>
          <TextEquiv>
            <Unicode>ſeyn/</Unicode>
          </TextEquiv>
        </Word>
        <Word id="region0002_line0011_word0005" custom="readingOrder {index:4;}">
          <Coords points="553,711 642,711 642,741 553,741"/>
          <TextEquiv conf="0.9294121">
            <Unicode>wenn</Unicode>
          </TextEquiv>
        </Word>
        <Word id="region0002_line0011_word0006" custom="readingOrder {index:5;}">
          <Coords points="658,712 729,712 729,743 658,743"/>
          <TextEquiv conf="0.92661256">
            <Unicode>man</Unicode>
          </TextEquiv>
        </Word>
        <Word id="region0002_line0011_word0007" custom="readingOrder {index:6;}">
          <Coords points="743,745 810,745 810,705 780,705 778,706 743,705"/>
          <TextEquiv conf="0.92055076">
            <Unicode>euch</Unicode>
          </TextEquiv>
        </Word>
        <Word id="region0002_line0011_word0008" custom="readingOrder {index:7;}">
          <Coords points="825,705 823,705 823,747 952,747 952,705 921,705 916,707 872,708 856,707 852,705"/>
          <TextEquiv conf="0.92566633">
            <Unicode>einmahl</Unicode>
          </TextEquiv>
        </Word>
        <Word id="region0002_line0011_word0009" custom="readingOrder {index:8;}">
          <Coords points="967,748 1020,748 1020,711 990,710 980,705 967,706"/>
          <TextEquiv conf="0.92921644">
            <Unicode>bey</Unicode>
          </TextEquiv>
        </Word>
        <Word id="region0002_line0011_word0010" custom="readingOrder {index:9;}">
          <Coords points="1029,743 1088,743 1088,712 1075,713 1071,710 1060,710 1054,714 1029,712"/>
          <TextEquiv>
            <Unicode>mir</Unicode>
          </TextEquiv>
        </Word>
        <TextEquiv>
          <Unicode>wird ein Wunder ſeyn/ wenn man euch einmahl bey mir</Unicode>
        </TextEquiv>
      </TextLine>
      <TextLine id="region0002_line0012" custom="readingOrder {index:11;}">
        <Coords points="246,738 229,743 211,743 202,739 185,743 172,739 147,742 147,787 154,792 164,791 173,786 197,787 209,782 219,785 287,785 297,781 296,747 257,744 251,738"/>
        <Word id="region0002_line0012_word0000" custom="readingOrder {index:0;}">
          <Coords points="250,748 153,748 153,791 154,792 164,791 173,786 197,787 209,782 219,785 250,785"/>
          <TextEquiv conf="0.8660279">
            <Unicode>ſiehet.</Unicode>
          </TextEquiv>
        </Word>
        <TextEquiv>
          <Unicode>ſiehet.</Unicode>
        </TextEquiv>
      </TextLine>
      <TextLine id="region0002_line0013" custom="readingOrder {index:12;}">
        <Coords points="322,776 314,785 219,786 209,783 197,788 173,787 164,792 151,793 150,818 172,824 224,826 246,822 258,823 264,820 283,820 290,824 379,821 388,827 399,820 418,821 423,825 435,822 467,822 473,825 508,826 516,832 525,833 537,827 581,827 602,824 607,827 623,825 632,829 717,826 879,830 883,833 909,837 1015,836 1093,839 1093,794 1040,793 1023,788 1001,790 995,786 984,786 974,789 965,784 883,782 846,789 840,783 818,782 812,790 796,790 778,789 771,782 755,784 751,781 739,781 732,788 719,789 649,789 642,782 632,782 624,789 607,789 601,780 587,780 581,788 419,788 387,787 381,777 370,777 362,786 341,786 336,778"/>
        <Baseline points="150,813 1093,828"/>
        <Word id="region0002_line0013_word0000" custom="readingOrder {index:0;}">
          <Coords points="196,819 266,819 266,787 199,787 197,788 196,787"/>
          <TextEquiv conf="0.9247454">
            <Unicode>Sont</Unicode>
          </TextEquiv>
        </Word>
        <Word id="region0002_line0013_word0001" custom="readingOrder {index:1;}">
          <Coords points="276,793 305,793 305,812 276,812"/>
          <TextEquiv conf="0.9289883">
            <Unicode>ce</Unicode>
          </TextEquiv>
        </Word>
        <Word id="region0002_line0013_word0002" custom="readingOrder {index:2;}">
          <Coords points="315,783 315,783 315,814 361,814 361,786 341,786 339,783"/>
          <TextEquiv conf="0.91952646">
            <Unicode>des</Unicode>
          </TextEquiv>
        </Word>
        <Word id="region0002_line0013_word0003" custom="readingOrder {index:3;}">
          <Coords points="371,783 371,821 379,821 380,822 395,822 399,820 418,821 419,822 435,822 467,822 498,822 498,788 419,788 387,787 384,783"/>
          <TextEquiv conf="0.91952646">
            <Unicode>hommes</Unicode>
          </TextEquiv>
        </Word>
        <Word id="region0002_line0013_word0004" custom="readingOrder {index:4;}">
          <Coords points="509,793 563,793 563,823 509,823"/>
          <TextEquiv conf="0.9305055">
            <Unicode>que</Unicode>
          </TextEquiv>
        </Word>
        <Word id="region0002_line0013_word0005" custom="readingOrder {index:5;}">
          <Coords points="584,784 581,788 580,788 580,813 616,813 616,789 607,789 603,784"/>
          <TextEquiv conf="0.93036115">
            <Unicode>de</Unicode>
          </TextEquiv>
        </Word>
        <Word id="region0002_line0013_word0006" custom="readingOrder {index:6;}">
          <Coords points="629,785 629,822 726,822 726,788 719,789 649,789 645,785"/>
          <TextEquiv conf="0.92217326">
            <Unicode>jeunes</Unicode>
          </TextEquiv>
        </Word>
        <Word id="region0002_line0013_word0007" custom="readingOrder {index:7;}">
          <Coords points="742,784 742,818 895,818 895,784 872,784 846,789 841,784 816,784 812,790 796,790 778,789 773,784 755,784"/>
          <TextEquiv conf="0.92926794">
            <Unicode>blondins?</Unicode>
          </TextEquiv>
        </Word>
        <Word id="region0002_line0013_word0008" custom="readingOrder {index:8;}">
          <Coords points="918,784 918,821 1002,821 1002,790 1001,790 995,786 984,786 974,789 965,784"/>
          <TextEquiv conf="0.93218553">
            <Unicode>Sind</Unicode>
          </TextEquiv>
        </Word>
        <Word id="region0002_line0013_word0009" custom="readingOrder {index:9;}">
          <Coords points="1012,819 1090,819 1090,793 1040,793 1023,788 1012,789"/>
          <TextEquiv conf="0.925453">
            <Unicode>denn</Unicode>
          </TextEquiv>
        </Word>
        <TextEquiv>
          <Unicode>Sont ce des hommes que de jeunes blondins? Sind denn</Unicode>
        </TextEquiv>
      </TextLine>
      <TextLine id="region0002_line0014" custom="readingOrder {index:13;}">
        <Coords points="151,821 147,825 147,876 154,879 159,879 166,871 198,866 221,870 228,863 254,868 286,869 332,869 336,866 350,866 366,872 380,866 388,870 403,870 417,866 424,867 434,874 447,871 460,877 469,874 486,877 494,873 535,871 586,872 595,876 606,873 679,873 686,868 694,868 701,872 720,872 736,862 772,861 777,856 777,834 769,829 707,827 632,830 623,826 607,828 602,825 589,825 581,828 536,829 525,834 516,833 509,828 483,828 467,823 435,823 423,826 411,821 399,821 389,828 379,822 338,825 320,823 307,826 290,825 283,821 264,821 258,824 246,823 224,827 172,825 164,821"/>
        <Word id="region0002_line0014_word0000" custom="readingOrder {index:0;}">
          <Coords points="243,832 153,832 153,876 161,876 166,871 198,866 221,870 228,863 243,865"/>
          <TextEquiv conf="0.91947204">
            <Unicode>junge</Unicode>
          </TextEquiv>
        </Word>
        <Word id="region0002_line0014_word0001" custom="readingOrder {index:1;}">
          <Coords points="354,867 354,832 251,832 251,867 334,867 336,866 350,866 352,867"/>
          <TextEquiv conf="0.93109727">
            <Unicode>blonde</Unicode>
          </TextEquiv>
        </Word>
        <Word id="region0002_line0014_word0002" custom="readingOrder {index:2;}">
          <Coords points="362,830 362,870 366,872 380,866 388,870 403,870 417,866 424,867 434,874 447,871 460,877 469,874 486,877 494,873 526,871 526,833 525,834 516,833 511,830"/>
          <TextEquiv conf="0.92726517">
            <Unicode>Puͤrſchgen</Unicode>
          </TextEquiv>
        </Word>
        <Word id="region0002_line0014_word0003" custom="readingOrder {index:3;}">
          <Coords points="606,832 533,832 533,871 535,871 586,872 588,873 606,873"/>
          <TextEquiv conf="0.9279827">
            <Unicode>auch</Unicode>
          </TextEquiv>
        </Word>
        <Word id="region0002_line0014_word0004" custom="readingOrder {index:4;}">
          <Coords points="621,833 720,833 720,868 621,868"/>
          <TextEquiv conf="0.9261251">
            <Unicode>Leute?</Unicode>
          </TextEquiv>
        </Word>
        <TextEquiv>
          <Unicode>junge blonde Puͤrſchgen auch Leute?</Unicode>
        </TextEquiv>
      </TextLine>
      <TextLine id="region0002_line0015" custom="readingOrder {index:14;}">
        <Coords points="228,864 221,871 198,867 166,872 159,880 160,903 190,902 200,907 209,903 269,903 329,910 413,905 475,910 494,906 508,911 536,911 549,908 556,911 616,912 626,917 637,916 642,912 778,912 785,909 802,913 813,910 830,913 892,911 899,916 927,916 938,913 945,921 958,917 993,914 1028,917 1039,921 1093,922 1093,878 1029,877 1021,876 1014,869 977,874 952,867 874,870 869,866 858,866 850,875 830,876 786,875 780,866 768,865 761,874 702,874 694,869 686,869 679,874 606,874 595,877 586,873 505,873 486,878 473,875 460,878 447,872 434,875 424,868 417,867 403,871 388,871 380,867 366,873 350,867 336,867 331,871 284,870 254,869"/>
        <Baseline points="160,895 911,902 1093,912"/>
        <Word id="region0002_line0015_word0000" custom="readingOrder {index:0;}">
          <Coords points="198,871 241,871 241,902 198,902"/>
          <TextEquiv conf="0.8916812">
            <Unicode>Eſt</Unicode>
          </TextEquiv>
        </Word>
        <Word id="region0002_line0015_word0001" custom="readingOrder {index:1;}">
          <Coords points="248,882 279,882 279,902 248,902"/>
          <TextEquiv conf="0.9326499">
            <Unicode>ce</Unicode>
          </TextEquiv>
        </Word>
        <Word id="region0002_line0015_word0002" custom="readingOrder {index:2;}">
          <Coords points="286,872 286,905 286,905 364,905 364,872 363,872"/>
          <TextEquiv>
            <Unicode>avoir</Unicode>
          </TextEquiv>
        </Word>
        <Word id="region0002_line0015_word0003" custom="readingOrder {index:3;}">
          <Coords points="372,872 398,872 398,901 372,901"/>
          <TextEquiv conf="0.9291753">
            <Unicode>le</Unicode>
          </TextEquiv>
        </Word>
        <Word id="region0002_line0015_word0004" custom="readingOrder {index:4;}">
          <Coords points="410,872 410,904 466,904 466,876 460,878 447,872 434,875 429,872"/>
          <TextEquiv>
            <Unicode>ſens</Unicode>
          </TextEquiv>
        </Word>
        <Word id="region0002_line0015_word0005" custom="readingOrder {index:5;}">
          <Coords points="594,876 586,873 505,873 486,878 482,877 482,908 494,906 508,911 536,911 549,908 556,911 594,911"/>
          <TextEquiv conf="0.96059847">
            <Unicode>commun</Unicode>
          </TextEquiv>
        </Word>
        <Word id="region0002_line0015_word0006" custom="readingOrder {index:6;}">
          <Coords points="616,880 668,880 668,909 616,909"/>
          <TextEquiv conf="0.9619915">
            <Unicode>que</Unicode>
          </TextEquiv>
        </Word>
        <Word id="region0002_line0015_word0007" custom="readingOrder {index:7;}">
          <Coords points="684,870 679,874 678,874 678,899 710,899 710,874 702,874 695,870"/>
          <TextEquiv conf="0.9674369">
            <Unicode>de</Unicode>
          </TextEquiv>
        </Word>
        <Word id="region0002_line0015_word0008" custom="readingOrder {index:8;}">
          <Coords points="764,870 761,874 719,874 719,899 810,899 810,875 786,875 782,870"/>
          <TextEquiv conf="0.94733">
            <Unicode>croire</Unicode>
          </TextEquiv>
        </Word>
        <Word id="region0002_line0015_word0009" custom="readingOrder {index:9;}">
          <Coords points="827,903 909,903 909,871 853,871 850,875 830,876 827,875"/>
          <TextEquiv conf="0.9300175">
            <Unicode>cela?</Unicode>
          </TextEquiv>
        </Word>
        <Word id="region0002_line0015_word0010" custom="readingOrder {index:10;}">
          <Coords points="930,870 930,911 997,911 997,871 977,874 962,870"/>
          <TextEquiv conf="0.25166428">
            <Unicode>Hat</Unicode>
          </TextEquiv>
        </Word>
        <Word id="region0002_line0015_word0011" custom="readingOrder {index:11;}">
          <Coords points="1006,870 1004,870 1004,905 1086,905 1086,877 1029,877 1021,876 1015,870"/>
          <TextEquiv>
            <Unicode>'man</Unicode>
          </TextEquiv>
        </Word>
        <TextEquiv>
          <Unicode>Eſt ce avoir le ſens commun que de croire cela? Hat 'man</Unicode>
        </TextEquiv>
      </TextLine>
      <TextLine id="region0002_line0016" custom="readingOrder {index:15;}">
        <Coords points="184,903 147,907 147,952 209,948 212,951 224,949 236,953 263,954 271,949 289,953 320,948 326,952 394,956 407,950 430,949 443,956 472,955 482,958 490,955 517,955 521,951 534,950 541,955 558,955 564,959 576,956 631,956 637,952 659,957 679,956 686,952 696,952 708,957 737,952 743,956 804,957 812,960 839,957 875,961 882,956 892,955 903,955 908,959 917,959 923,955 951,955 956,959 997,961 1013,957 1017,948 1034,948 1039,943 1038,921 993,915 958,918 945,922 938,914 927,917 899,917 892,912 872,915 840,912 832,915 824,911 813,911 804,915 785,910 778,913 763,911 757,914 641,914 626,918 612,913 556,912 549,909 536,912 508,912 494,907 475,911 452,911 434,906 329,911 269,904 209,904 200,908"/>
        <Word id="region0002_line0016_word0000" custom="readingOrder {index:0;}">
          <Coords points="236,911 155,911 155,951 209,948 212,951 224,949 236,953"/>
          <TextEquiv conf="0.92400557">
            <Unicode>wohl</Unicode>
          </TextEquiv>
        </Word>
        <Word id="region0002_line0016_word0001" custom="readingOrder {index:1;}">
          <Coords points="333,951 333,913 246,913 246,951 267,951 271,949 280,951 301,951 320,948 324,951"/>
          <TextEquiv conf="0.92653215">
            <Unicode>Sinn</Unicode>
          </TextEquiv>
        </Word>
        <Word id="region0002_line0016_word0002" custom="readingOrder {index:2;}">
          <Coords points="341,916 401,916 401,952 341,952"/>
          <TextEquiv conf="0.9272057">
            <Unicode>und</Unicode>
          </TextEquiv>
        </Word>
        <Word id="word_1658479355546_3442" custom="readingOrder {index:3;}">
          <Coords points="411,912 579,912 584,912 584,956 568,958 567,958 439,954 411,949"/>
          <TextEquiv>
            <Unicode>Verſtand/</Unicode>
          </TextEquiv>
        </Word>
        <Word id="region0002_line0016_word0005" custom="readingOrder {index:4;}">
          <Coords points="590,919 675,919 675,947 590,947"/>
          <TextEquiv conf="0.92783374">
            <Unicode>wenn</Unicode>
          </TextEquiv>
        </Word>
        <Word id="region0002_line0016_word0006" custom="readingOrder {index:5;}">
          <Coords points="684,920 753,920 753,946 684,946"/>
          <TextEquiv conf="0.927944">
            <Unicode>man</Unicode>
          </TextEquiv>
        </Word>
        <Word id="region0002_line0016_word0007" custom="readingOrder {index:6;}">
          <Coords points="764,913 764,951 853,951 853,913 850,913 837,913 832,915 828,913 808,913 804,915 796,913 778,913"/>
          <TextEquiv conf="0.9270107">
            <Unicode>dieſes</Unicode>
          </TextEquiv>
        </Word>
        <Word id="region0002_line0016_word0008" custom="readingOrder {index:7;}">
          <Coords points="885,913 872,915 861,913 861,953 1002,953 1002,916 993,915 958,918 945,922 938,914 927,917 899,917 893,913"/>
          <TextEquiv conf="0.9280491">
            <Unicode>glaubet?</Unicode>
          </TextEquiv>
        </Word>
        <TextEquiv>
          <Unicode>wohl Sinn und Verſtand/ wenn man dieſes glaubet?</Unicode>
        </TextEquiv>
      </TextLine>
      <TextLine id="region0002_line0017" custom="readingOrder {index:16;}">
        <Coords points="201,949 147,953 147,985 184,990 312,989 330,998 347,997 352,993 443,990 461,993 470,999 480,999 487,991 501,994 528,991 560,1001 608,995 665,995 670,992 682,992 687,995 732,993 831,997 836,994 849,994 855,998 879,999 961,1000 977,997 990,1004 1031,1003 1039,1008 1051,1008 1060,1002 1093,1001 1093,963 1011,964 956,960 951,956 923,956 917,960 892,956 882,957 875,962 861,959 812,961 804,958 743,957 737,953 708,958 696,953 660,958 637,953 622,958 576,957 564,960 558,956 541,956 534,951 521,952 517,956 490,956 480,959 472,956 443,957 430,950 407,951 394,957 386,957 373,954 326,953 320,949 289,954 271,950 263,955"/>
        <Word id="region0002_line0017_word0000" custom="readingOrder {index:0;}">
          <Coords points="196,959 238,959 238,987 196,987"/>
          <TextEquiv conf="0.96679926">
            <Unicode>Ce</Unicode>
          </TextEquiv>
        </Word>
        <Word id="word_1658479364392_3448" custom="readingOrder {index:1;}">
          <Coords points="250,958 287,956 324,956 324,985 279,987 250,987"/>
          <TextEquiv>
            <Unicode>n'eſt</Unicode>
          </TextEquiv>
        </Word>
        <Word id="region0002_line0017_word0003" custom="readingOrder {index:2;}">
          <Coords points="380,966 332,966 332,996 348,996 352,993 380,992"/>
          <TextEquiv conf="0.9261454">
            <Unicode>pas</Unicode>
          </TextEquiv>
        </Word>
        <Word id="region0002_line0017_word0004" custom="readingOrder {index:3;}">
          <Coords points="402,953 394,957 388,957 388,986 455,986 455,956 443,957 435,953"/>
          <TextEquiv>
            <Unicode>aſſez</Unicode>
          </TextEquiv>
        </Word>
        <Word id="region0002_line0017_word0005" custom="readingOrder {index:4;}">
          <Coords points="517,965 464,965 464,995 483,995 487,991 501,994 517,992"/>
          <TextEquiv conf="0.96862715">
            <Unicode>que</Unicode>
          </TextEquiv>
        </Word>
        <Word id="region0002_line0017_word0006" custom="readingOrder {index:5;}">
          <Coords points="525,954 525,984 550,984 550,956 541,956 538,954"/>
          <TextEquiv conf="0.7660915">
            <Unicode>Ie</Unicode>
          </TextEquiv>
        </Word>
        <Word id="region0002_line0017_word0007" custom="readingOrder {index:6;}">
          <Coords points="558,957 558,994 647,994 647,957 625,957 622,958 576,957 564,960 559,957"/>
          <TextEquiv conf="0.93282175">
            <Unicode>grand</Unicode>
          </TextEquiv>
        </Word>
        <Word id="region0002_line0017_word0008" custom="readingOrder {index:7;}">
          <Coords points="674,956 660,958 656,957 656,985 712,985 712,957 708,958 703,956"/>
          <TextEquiv conf="0.9308123">
            <Unicode>zele</Unicode>
          </TextEquiv>
        </Word>
        <Word id="region0002_line0017_word0009" custom="readingOrder {index:8;}">
          <Coords points="718,957 718,985 786,985 786,957 743,957"/>
          <TextEquiv conf="0.969987">
            <Unicode>dans</Unicode>
          </TextEquiv>
        </Word>
        <Word id="region0002_line0017_word0010" custom="readingOrder {index:9;}">
          <Coords points="802,966 841,966 841,985 802,985"/>
          <TextEquiv conf="0.9318272">
            <Unicode>un</Unicode>
          </TextEquiv>
        </Word>
        <Word id="region0002_line0017_word0011" custom="readingOrder {index:10;}">
          <Coords points="923,956 917,960 892,956 882,957 875,962 861,959 859,959 859,991 1002,991 1002,963 956,960 951,956"/>
          <TextEquiv conf="0.9115268">
            <Unicode>Miniſtre,</Unicode>
          </TextEquiv>
        </Word>
        <Word id="region0002_line0017_word0012" custom="readingOrder {index:11;}">
          <Coords points="1032,964 1088,964 1088,995 1032,995"/>
          <TextEquiv conf="0.9617881">
            <Unicode>que</Unicode>
          </TextEquiv>
        </Word>
        <TextEquiv>
          <Unicode>Ce n'eſt pas aſſez que Ie grand zele dans un Miniſtre, que</Unicode>
        </TextEquiv>
      </TextLine>
      <TextLine id="region0002_line0018" custom="readingOrder {index:17;}">
        <Coords points="154,987 147,988 147,1032 181,1026 194,1032 208,1028 214,1031 291,1033 308,1028 326,1034 412,1036 424,1031 435,1031 441,1034 456,1034 458,1038 467,1041 472,1041 481,1032 511,1034 527,1031 536,1035 571,1040 605,1039 622,1043 640,1036 717,1037 725,1033 735,1033 739,1036 756,1034 762,1037 794,1035 798,1038 842,1041 893,1037 900,1040 1017,1044 1093,1043 1093,1005 1063,1005 1039,1009 1032,1005 990,1005 977,998 967,998 960,1003 928,1003 856,1000 849,995 836,995 830,999 749,999 738,998 732,994 699,998 688,997 682,993 670,993 663,997 579,999 560,1002 551,998 539,998 528,992 515,997 487,992 480,1000 470,1000 457,993 432,991 397,996 350,996 330,999 312,990 301,990 295,994 242,994 236,989 225,989 217,994 199,994"/>
        <Word id="region0002_line0018_word0000" custom="readingOrder {index:0;}">
          <Coords points="153,992 184,992 184,1021 153,1021"/>
          <TextEquiv>
            <Unicode>la</Unicode>
          </TextEquiv>
        </Word>
        <Word id="region0002_line0018_word0001" custom="readingOrder {index:1;}">
          <Coords points="220,992 217,994 199,994 191,992 191,1022 285,1022 285,994 242,994 239,992"/>
          <TextEquiv conf="0.968054">
            <Unicode>valeur</Unicode>
          </TextEquiv>
        </Word>
        <Word id="region0002_line0018_word0002" custom="readingOrder {index:2;}">
          <Coords points="296,993 295,994 294,994 294,1022 361,1022 361,996 350,996 330,999 318,993"/>
          <TextEquiv conf="0.9698625">
            <Unicode>dans</Unicode>
          </TextEquiv>
        </Word>
        <Word id="region0002_line0018_word0003" custom="readingOrder {index:3;}">
          <Coords points="373,1002 410,1002 410,1024 373,1024"/>
          <TextEquiv conf="0.9677966">
            <Unicode>un</Unicode>
          </TextEquiv>
        </Word>
        <Word id="region0002_line0018_word0004" custom="readingOrder {index:4;}">
          <Coords points="426,992 426,1031 435,1031 527,1031 584,1031 584,998 579,999 560,1002 551,998 539,998 528,992 515,997 487,992 480,1000 470,1000 457,993 444,992"/>
          <TextEquiv conf="0.9264242">
            <Unicode>Capitaine;</Unicode>
          </TextEquiv>
        </Word>
        <Word id="region0002_line0018_word0005" custom="readingOrder {index:5;}">
          <Coords points="605,1000 659,1000 659,1031 605,1031"/>
          <TextEquiv conf="0.956804">
            <Unicode>que</Unicode>
          </TextEquiv>
        </Word>
        <Word id="region0002_line0018_word0006" custom="readingOrder {index:6;}">
          <Coords points="672,1021 697,1021 697,997 688,997 682,993 672,993"/>
          <TextEquiv conf="0.93273">
            <Unicode>la</Unicode>
          </TextEquiv>
        </Word>
        <Word id="region0002_line0018_word0007" custom="readingOrder {index:7;}">
          <Coords points="711,1026 816,1026 816,999 749,999 738,998 732,994 711,996"/>
          <TextEquiv conf="0.87048584">
            <Unicode>ſeience</Unicode>
          </TextEquiv>
        </Word>
        <Word id="region0002_line0018_word0008" custom="readingOrder {index:8;}">
          <Coords points="830,1024 897,1024 897,1001 856,1000 849,995 836,995 830,999"/>
          <TextEquiv conf="0.92942214">
            <Unicode>dans</Unicode>
          </TextEquiv>
        </Word>
        <Word id="region0002_line0018_word0009" custom="readingOrder {index:9;}">
          <Coords points="915,1021 954,1021 954,1003 928,1003 915,1002"/>
          <TextEquiv conf="0.96421295">
            <Unicode>un</Unicode>
          </TextEquiv>
        </Word>
        <Word id="region0002_line0018_word0010" custom="readingOrder {index:10;}">
          <Coords points="970,1023 1088,1023 1088,1005 1063,1005 1039,1009 1032,1005 990,1005 977,998 970,998"/>
          <TextEquiv conf="0.9590754">
            <Unicode>homme</Unicode>
          </TextEquiv>
        </Word>
        <TextEquiv>
          <Unicode>la valeur dans un Capitaine; que la ſeience dans un homme</Unicode>
        </TextEquiv>
      </TextLine>
      <TextLine id="region0002_line0019" custom="readingOrder {index:18;}">
        <Coords points="176,1027 155,1035 147,1035 147,1072 235,1070 276,1071 284,1074 304,1070 344,1075 371,1075 390,1071 397,1075 409,1076 442,1074 509,1077 543,1077 561,1073 568,1077 604,1074 630,1078 640,1083 651,1083 658,1079 689,1083 699,1079 718,1079 726,1075 746,1075 752,1079 802,1077 808,1080 975,1082 985,1079 997,1080 1002,1075 1002,1050 997,1045 902,1044 893,1038 882,1039 878,1043 846,1043 799,1041 794,1036 764,1040 756,1035 745,1035 740,1040 735,1034 725,1034 715,1040 632,1040 622,1044 605,1040 571,1041 518,1032 506,1036 481,1033 472,1042 467,1042 442,1038 435,1032 424,1032 416,1037 334,1037 302,1029 288,1036 265,1036 216,1033 208,1029 194,1033"/>
        <Word id="region0002_line0019_word0000" custom="readingOrder {index:0;}">
          <Coords points="168,1030 155,1035 155,1064 191,1064 191,1032 185,1030"/>
          <TextEquiv conf="0.9330572">
            <Unicode>de</Unicode>
          </TextEquiv>
        </Word>
        <Word id="region0002_line0019_word0001" custom="readingOrder {index:1;}">
          <Coords points="204,1030 200,1031 200,1069 289,1069 289,1031 306,1030 300,1030 288,1036 265,1036 216,1033 210,1030"/>
          <TextEquiv conf="0.89518106">
            <Unicode>letres,</Unicode>
          </TextEquiv>
        </Word>
        <Word id="region0002_line0019_word0002" custom="readingOrder {index:2;}">
          <Coords points="325,1034 302,1029 301,1029 301,1070 304,1070 325,1072"/>
          <TextEquiv conf="0.89518106">
            <Unicode>ſi</Unicode>
          </TextEquiv>
        </Word>
        <Word id="region0002_line0019_word0003" custom="readingOrder {index:3;}">
          <Coords points="321,1040 385,1040 385,1065 321,1065"/>
          <TextEquiv conf="0.91697073">
            <Unicode>tout</Unicode>
          </TextEquiv>
        </Word>
        <Word id="region0002_line0019_word0004" custom="readingOrder {index:4;}">
          <Coords points="422,1033 416,1037 394,1037 394,1063 450,1063 450,1039 442,1038 436,1033"/>
          <TextEquiv conf="0.95144403">
            <Unicode>cela</Unicode>
          </TextEquiv>
        </Word>
        <Word id="word_1658479401162_3473" custom="readingOrder {index:5;}">
          <Coords points="457,1040 479,1035 518,1032 534,1034 534,1062 486,1063 457,1063"/>
          <TextEquiv>
            <Unicode>n'eſt</Unicode>
          </TextEquiv>
        </Word>
        <Word id="region0002_line0019_word0007" custom="readingOrder {index:6;}">
          <Coords points="542,1071 731,1071 731,1034 725,1034 715,1040 632,1040 622,1044 605,1040 571,1041 542,1036"/>
          <TextEquiv conf="0.7562463">
            <Unicode>accompagné</Unicode>
          </TextEquiv>
        </Word>
        <Word id="region0002_line0019_word0008" custom="readingOrder {index:7;}">
          <Coords points="740,1061 773,1061 773,1038 764,1040 756,1035 745,1035 740,1040"/>
          <TextEquiv conf="0.9583653">
            <Unicode>de</Unicode>
          </TextEquiv>
        </Word>
        <Word id="region0002_line0019_word0009" custom="readingOrder {index:8;}">
          <Coords points="782,1061 809,1061 809,1041 799,1041 794,1036 782,1037"/>
          <TextEquiv conf="0.9583653">
            <Unicode>la</Unicode>
          </TextEquiv>
        </Word>
        <Word id="region0002_line0019_word0010" custom="readingOrder {index:9;}">
          <Coords points="818,1065 951,1065 951,1044 902,1044 893,1038 882,1039 878,1043 846,1043 818,1041"/>
          <TextEquiv>
            <Unicode>maniere.</Unicode>
          </TextEquiv>
        </Word>
        <TextEquiv>
          <Unicode>de letres, ſi tout cela n'eſt accompagné de la maniere.</Unicode>
        </TextEquiv>
      </TextLine>
      <TextLine id="region0002_line0020" custom="readingOrder {index:19;}">
        <Coords points="1060,1065 1054,1071 1052,1085 1046,1079 1029,1079 1020,1086 1010,1079 1000,1079 996,1082 985,1080 974,1085 946,1082 934,1085 897,1086 854,1080 828,1082 794,1078 788,1081 755,1081 746,1076 726,1076 718,1080 699,1080 689,1084 676,1084 667,1080 640,1084 629,1079 604,1075 568,1078 554,1074 541,1079 505,1080 452,1078 442,1075 409,1077 397,1076 390,1072 371,1076 344,1076 304,1071 284,1075 276,1072 235,1071 155,1072 147,1073 147,1108 184,1110 193,1113 218,1112 263,1118 289,1115 298,1119 349,1119 364,1115 375,1115 379,1119 397,1116 402,1119 426,1118 432,1115 446,1118 522,1119 549,1116 556,1120 596,1125 604,1122 642,1124 650,1120 661,1121 671,1117 678,1117 684,1121 717,1122 752,1122 772,1118 776,1121 805,1119 810,1123 822,1124 861,1124 874,1121 882,1128 889,1128 899,1120 945,1127 966,1122 971,1125 1019,1128 1036,1135 1041,1130 1093,1130 1093,1086 1074,1086 1073,1068 1069,1065"/>
        <Word id="region0002_line0020_word0000" custom="readingOrder {index:0;}">
          <Coords points="196,1078 254,1078 254,1110 196,1110"/>
          <TextEquiv conf="0.9046582">
            <Unicode>NB.</Unicode>
          </TextEquiv>
        </Word>
        <Word id="region0002_line0020_word0001" custom="readingOrder {index:1;}">
          <Coords points="278,1074 278,1113 412,1113 412,1076 409,1077 397,1076 393,1074 380,1074 371,1076 344,1076 328,1074 289,1074 284,1075 281,1074"/>
          <TextEquiv conf="0.9275782">
            <Unicode>Manche</Unicode>
          </TextEquiv>
        </Word>
        <Word id="region0002_line0020_word0002" custom="readingOrder {index:2;}">
          <Coords points="422,1078 422,1105 542,1105 542,1079 541,1079 505,1080 452,1078"/>
          <TextEquiv conf="0.92374206">
            <Unicode>Autores</Unicode>
          </TextEquiv>
        </Word>
        <Word id="region0002_line0020_word0003" custom="readingOrder {index:3;}">
          <Coords points="551,1115 636,1115 636,1082 629,1079 604,1075 568,1078 554,1074 551,1075"/>
          <TextEquiv conf="0.93203485">
            <Unicode>laſſen</Unicode>
          </TextEquiv>
        </Word>
        <Word id="region0002_line0020_word0004" custom="readingOrder {index:4;}">
          <Coords points="644,1113 779,1113 779,1081 755,1081 746,1076 726,1076 718,1080 699,1080 689,1084 676,1084 667,1080 644,1083"/>
          <TextEquiv conf="0.9253121">
            <Unicode>zuweilen</Unicode>
          </TextEquiv>
        </Word>
        <Word id="region0002_line0020_word0005" custom="readingOrder {index:5;}">
          <Coords points="794,1107 852,1107 852,1080 828,1082 794,1078"/>
          <TextEquiv conf="0.9304129">
            <Unicode>das</Unicode>
          </TextEquiv>
        </Word>
        <Word id="region0002_line0020_word0006" custom="readingOrder {index:6;}">
          <Coords points="871,1084 871,1114 926,1114 926,1085 897,1086 882,1084"/>
          <TextEquiv conf="0.9270234">
            <Unicode>que</Unicode>
          </TextEquiv>
        </Word>
        <Word id="region0002_line0020_word0007" custom="readingOrder {index:7;}">
          <Coords points="940,1108 971,1108 971,1084 946,1082 940,1083"/>
          <TextEquiv conf="0.93158996">
            <Unicode>in</Unicode>
          </TextEquiv>
        </Word>
        <Word id="region0002_line0020_word0008" custom="readingOrder {index:8;}">
          <Coords points="1060,1065 1054,1071 1052,1085 1046,1079 1029,1079 1020,1086 1010,1079 1000,1079 996,1082 985,1080 980,1082 980,1120 1086,1120 1086,1086 1074,1086 1073,1068 1069,1065"/>
          <TextEquiv conf="0.904744">
            <Unicode>dieſem</Unicode>
          </TextEquiv>
        </Word>
        <TextEquiv>
          <Unicode>NB. Manche Autores laſſen zuweilen das que in dieſem</Unicode>
        </TextEquiv>
      </TextLine>
      <TextLine id="region0002_line0021" custom="readingOrder {index:20;}">
        <Coords points="147,1109 147,1169 179,1167 194,1157 208,1155 243,1160 255,1160 262,1155 272,1155 278,1160 290,1161 295,1165 325,1160 383,1162 397,1165 419,1158 434,1158 439,1161 486,1158 494,1162 532,1163 540,1167 549,1167 575,1158 584,1158 592,1162 614,1158 625,1163 663,1159 675,1166 684,1163 749,1165 755,1161 762,1161 770,1167 790,1166 801,1169 815,1162 823,1162 831,1166 856,1163 861,1166 862,1171 867,1172 879,1168 1000,1170 1032,1167 1037,1162 1037,1136 1026,1134 1019,1129 971,1126 966,1123 945,1128 899,1121 889,1129 882,1129 874,1122 861,1125 822,1125 810,1124 805,1120 776,1122 772,1119 762,1119 752,1123 717,1123 684,1122 678,1118 671,1118 661,1122 650,1121 642,1125 604,1123 583,1126 576,1122 556,1121 549,1117 533,1120 476,1120 432,1116 426,1119 402,1120 397,1117 379,1120 375,1116 364,1116 349,1120 298,1120 289,1116 263,1119 218,1113 193,1114 184,1111"/>
        <Word id="region0002_line0021_word0000" custom="readingOrder {index:0;}">
          <Coords points="223,1118 153,1118 153,1161 188,1161 194,1157 208,1155 223,1157"/>
          <TextEquiv conf="0.92597723">
            <Unicode>Fall</Unicode>
          </TextEquiv>
        </Word>
        <Word id="region0002_line0021_word0001" custom="readingOrder {index:1;}">
          <Coords points="231,1120 231,1158 243,1160 255,1160 262,1155 272,1155 278,1160 290,1161 306,1161 306,1120 298,1120"/>
          <TextEquiv conf="0.92974573">
            <Unicode>aus,</Unicode>
          </TextEquiv>
        </Word>
        <Word id="region0002_line0021_word0002" custom="readingOrder {index:2;}">
          <Coords points="352,1119 349,1120 318,1120 318,1159 415,1159 419,1158 434,1158 435,1159 440,1159 440,1119 426,1119 402,1120 400,1119 385,1119 379,1120 378,1119"/>
          <TextEquiv conf="0.9280218">
            <Unicode>welches</Unicode>
          </TextEquiv>
        </Word>
        <Word id="region0002_line0021_word0003" custom="readingOrder {index:3;}">
          <Coords points="450,1127 518,1127 518,1151 450,1151"/>
          <TextEquiv conf="0.9237648">
            <Unicode>man</Unicode>
          </TextEquiv>
        </Word>
        <Word id="region0002_line0021_word0004" custom="readingOrder {index:4;}">
          <Coords points="538,1119 533,1120 529,1120 529,1159 572,1159 575,1158 584,1158 586,1159 608,1159 613,1158 613,1123 604,1123 583,1126 576,1122 556,1121 552,1119"/>
          <TextEquiv conf="0.92822164">
            <Unicode>ihnen</Unicode>
          </TextEquiv>
        </Word>
        <Word id="region0002_line0021_word0005" custom="readingOrder {index:5;}">
          <Coords points="671,1118 661,1122 650,1121 642,1125 623,1124 623,1159 663,1159 699,1159 699,1122 684,1122 678,1118"/>
          <TextEquiv conf="0.9257647">
            <Unicode>nicht</Unicode>
          </TextEquiv>
        </Word>
        <Word id="region0002_line0021_word0006" custom="readingOrder {index:6;}">
          <Coords points="707,1158 852,1158 852,1125 822,1125 810,1124 805,1120 776,1122 772,1119 762,1119 752,1123 717,1123 707,1122"/>
          <TextEquiv conf="0.9244125">
            <Unicode>nachthun</Unicode>
          </TextEquiv>
        </Word>
        <Word id="word_1658479428595_3488" custom="readingOrder {index:7;}">
          <Coords points="864,1124 874,1122 899,1121 927,1125 934,1126 934,1165 920,1165 864,1159"/>
          <TextEquiv>
            <Unicode>ſoll/</Unicode>
          </TextEquiv>
        </Word>
        <Word id="region0002_line0021_word0009" custom="readingOrder {index:8;}">
          <Coords points="935,1154 1004,1154 1004,1128 971,1126 966,1123 945,1128 935,1126"/>
          <TextEquiv conf="0.92265016">
            <Unicode>als:</Unicode>
          </TextEquiv>
        </Word>
        <TextEquiv>
          <Unicode>Fall aus, welches man ihnen nicht nachthun ſoll/ als:</Unicode>
        </TextEquiv>
      </TextLine>
      <TextLine id="region0002_line0022" custom="readingOrder {index:21;}">
        <Coords points="208,1156 194,1158 179,1168 155,1170 155,1196 159,1199 203,1199 210,1195 225,1195 238,1199 272,1198 305,1201 316,1208 349,1204 354,1200 399,1197 416,1201 463,1202 487,1198 495,1202 515,1203 555,1203 575,1199 589,1202 605,1200 614,1203 787,1201 798,1205 828,1207 946,1209 953,1214 971,1207 1018,1209 1023,1206 1047,1205 1058,1210 1093,1213 1093,1174 1054,1170 1049,1166 1035,1166 1030,1170 920,1169 877,1170 867,1173 862,1172 856,1164 834,1168 823,1163 815,1163 801,1170 790,1167 770,1168 762,1162 755,1162 749,1166 684,1164 675,1167 663,1160 625,1164 614,1159 592,1163 584,1159 575,1159 549,1168 531,1164 498,1164 486,1159 474,1159 469,1163 440,1163 434,1159 419,1159 397,1166 351,1162 316,1162 295,1166 290,1162 278,1161 272,1156 262,1156 255,1161"/>
        <Baseline points="155,1188 784,1193 1093,1203"/>
        <Word id="region0002_line0022_word0000" custom="readingOrder {index:0;}">
          <Coords points="195,1162 220,1162 220,1191 195,1191"/>
          <TextEquiv conf="0.9176909">
            <Unicode>Il</Unicode>
          </TextEquiv>
        </Word>
        <Word id="word_1658479439211_3494" custom="readingOrder {index:1;}">
          <Coords points="228,1159 275,1159 288,1161 305,1181 305,1195 296,1195 228,1190"/>
          <TextEquiv>
            <Unicode>crût,</Unicode>
          </TextEquiv>
        </Word>
        <Word id="region0002_line0022_word0003" custom="readingOrder {index:2;}">
          <Coords points="366,1171 313,1171 313,1204 349,1204 354,1200 366,1199"/>
          <TextEquiv conf="0.9485013">
            <Unicode>que</Unicode>
          </TextEquiv>
        </Word>
        <Word id="region0002_line0022_word0004" custom="readingOrder {index:3;}">
          <Coords points="375,1171 404,1171 404,1189 375,1189"/>
          <TextEquiv conf="0.9641481">
            <Unicode>ce</Unicode>
          </TextEquiv>
        </Word>
        <Word id="region0002_line0022_word0005" custom="readingOrder {index:4;}">
          <Coords points="414,1162 414,1192 498,1192 498,1164 493,1162 470,1162 469,1163 440,1163 438,1162"/>
          <TextEquiv conf="0.91455925">
            <Unicode>ſeroit</Unicode>
          </TextEquiv>
        </Word>
        <Word id="region0002_line0022_word0006" custom="readingOrder {index:5;}">
          <Coords points="506,1172 558,1172 558,1192 506,1192"/>
          <TextEquiv conf="0.9620591">
            <Unicode>une</Unicode>
          </TextEquiv>
        </Word>
        <Word id="word_1658479452779_3501" custom="readingOrder {index:6;}">
          <Coords points="567,1162 590,1162 592,1163 597,1162 620,1162 625,1164 635,1162 635,1192 567,1192"/>
          <TextEquiv>
            <Unicode>folie</Unicode>
          </TextEquiv>
        </Word>
        <Word id="word_1658479452778_3500" custom="readingOrder {index:7;}">
          <Coords points="635,1162 644,1162 666,1162 669,1163 669,1192 635,1192"/>
          <TextEquiv>
            <Unicode>d'</Unicode>
          </TextEquiv>
        </Word>
        <Word id="region0002_line0022_word0008" custom="readingOrder {index:8;}">
          <Coords points="755,1162 749,1166 684,1164 684,1192 799,1192 799,1169 790,1167 770,1168 762,1162"/>
          <TextEquiv conf="0.9260299">
            <Unicode>atendre</Unicode>
          </TextEquiv>
        </Word>
        <Word id="region0002_line0022_word0009" custom="readingOrder {index:9;}">
          <Coords points="817,1190 832,1190 832,1167 823,1163 817,1163"/>
          <TextEquiv conf="0.96907645">
            <Unicode>à</Unicode>
          </TextEquiv>
        </Word>
        <Word id="region0002_line0022_word0010" custom="readingOrder {index:10;}">
          <Coords points="846,1192 887,1192 887,1169 877,1170 867,1173 862,1172 856,1164 846,1165"/>
          <TextEquiv conf="0.9326501">
            <Unicode>les</Unicode>
          </TextEquiv>
        </Word>
        <Word id="region0002_line0022_word0011" custom="readingOrder {index:11;}">
          <Coords points="903,1201 1016,1201 1016,1169 920,1169 903,1169"/>
          <TextEquiv conf="0.93021345">
            <Unicode>ataquer</Unicode>
          </TextEquiv>
        </Word>
        <Word id="region0002_line0022_word0012" custom="readingOrder {index:12;}">
          <Coords points="1030,1195 1084,1195 1084,1173 1054,1170 1049,1166 1035,1166 1030,1170"/>
          <TextEquiv>
            <Unicode>&amp;c;</Unicode>
          </TextEquiv>
        </Word>
        <TextEquiv>
          <Unicode>Il crût, que ce ſeroit une folie d' atendre à les ataquer &amp;c;</Unicode>
        </TextEquiv>
      </TextLine>
      <TextLine id="region0002_line0023" custom="readingOrder {index:22;}">
        <Coords points="210,1196 203,1200 147,1201 147,1242 195,1242 202,1238 217,1244 285,1243 290,1240 302,1240 317,1247 332,1247 340,1242 456,1240 522,1245 565,1242 592,1245 606,1242 624,1247 761,1246 782,1243 794,1251 804,1253 815,1247 831,1247 898,1249 914,1256 927,1255 935,1247 946,1247 952,1251 990,1252 1051,1249 1068,1252 1093,1251 1093,1218 1077,1217 1071,1211 1058,1211 1047,1206 1023,1207 1016,1213 983,1213 971,1208 953,1215 947,1212 807,1208 796,1207 787,1202 773,1202 767,1205 734,1202 729,1205 711,1206 704,1203 675,1202 623,1207 611,1206 605,1201 589,1203 575,1200 569,1203 511,1206 496,1205 487,1199 479,1199 472,1204 451,1204 382,1198 366,1203 316,1209 305,1202 272,1199 238,1200 225,1196"/>
        <Word id="region0002_line0023_word0000" custom="readingOrder {index:0;}">
          <Coords points="156,1212 198,1212 198,1236 156,1236"/>
          <TextEquiv conf="0.91524523">
            <Unicode>an</Unicode>
          </TextEquiv>
        </Word>
        <Word id="region0002_line0023_word0001" custom="readingOrder {index:1;}">
          <Coords points="289,1202 207,1202 207,1240 210,1241 288,1241 289,1241"/>
          <TextEquiv conf="0.92478776">
            <Unicode>ſtatt:</Unicode>
          </TextEquiv>
        </Word>
        <Word id="region0002_line0023_word0002" custom="readingOrder {index:2;}">
          <Coords points="366,1214 311,1214 311,1243 338,1243 340,1242 366,1241"/>
          <TextEquiv conf="0.6491577">
            <Unicode>que</Unicode>
          </TextEquiv>
        </Word>
        <Word id="region0002_line0023_word0003" custom="readingOrder {index:3;}">
          <Coords points="374,1204 374,1236 528,1236 528,1205 511,1206 496,1205 494,1204 472,1204 451,1204"/>
          <TextEquiv>
            <Unicode>d' atendre.</Unicode>
          </TextEquiv>
        </Word>
        <Word id="region0002_line0023_word0004" custom="readingOrder {index:4;}">
          <Coords points="550,1204 549,1204 549,1237 663,1237 663,1204 654,1204 623,1207 611,1206 609,1204"/>
          <TextEquiv conf="0.5919214">
            <Unicode>Ablanc.</Unicode>
          </TextEquiv>
        </Word>
        <Word id="region0002_line0023_word0005" custom="readingOrder {index:5;}">
          <Coords points="669,1205 669,1234 709,1234 709,1205 709,1205"/>
          <TextEquiv conf="0.9641436">
            <Unicode>Ce</Unicode>
          </TextEquiv>
        </Word>
        <Word id="word_1658479732822_3521" custom="readingOrder {index:6;}">
          <Coords points="716,1205 730,1204 755,1203 771,1203 788,1203 792,1204 792,1233 755,1233 716,1233"/>
          <TextEquiv>
            <Unicode>n'eſt</Unicode>
          </TextEquiv>
        </Word>
        <Word id="region0002_line0023_word0008" custom="readingOrder {index:7;}">
          <Coords points="798,1213 845,1213 845,1244 798,1244"/>
          <TextEquiv conf="0.9691353">
            <Unicode>pas</Unicode>
          </TextEquiv>
        </Word>
        <Word id="region0002_line0023_word0009" custom="readingOrder {index:8;}">
          <Coords points="853,1213 907,1213 907,1232 853,1232"/>
          <TextEquiv conf="0.9689702">
            <Unicode>une</Unicode>
          </TextEquiv>
        </Word>
        <Word id="region0002_line0023_word0010" custom="readingOrder {index:9;}">
          <Coords points="914,1242 999,1242 999,1213 983,1213 971,1208 953,1215 947,1212 914,1211"/>
          <TextEquiv conf="0.9272799">
            <Unicode>petite</Unicode>
          </TextEquiv>
        </Word>
        <Word id="region0002_line0023_word0011" custom="readingOrder {index:10;}">
          <Coords points="1005,1236 1085,1236 1085,1217 1077,1217 1071,1211 1058,1211 1047,1206 1023,1207 1016,1213 1005,1213"/>
          <TextEquiv conf="0.9263649">
            <Unicode>affai-</Unicode>
          </TextEquiv>
        </Word>
        <TextEquiv>
          <Unicode>an ſtatt: que d' atendre. Ablanc. Ce n'eſt pas une petite affai-</Unicode>
        </TextEquiv>
      </TextLine>
      <TextLine id="region0002_line0024" custom="readingOrder {index:23;}">
        <Coords points="202,1239 195,1243 147,1243 147,1278 213,1280 227,1277 236,1282 264,1283 270,1288 283,1291 289,1290 294,1282 315,1282 543,1286 566,1289 579,1297 590,1297 602,1290 620,1288 662,1288 688,1293 744,1292 757,1293 763,1298 773,1298 778,1293 863,1293 868,1300 879,1306 889,1305 893,1292 1006,1294 1010,1302 1021,1305 1032,1304 1037,1295 1093,1298 1093,1260 1071,1257 1069,1253 1061,1250 1033,1251 1022,1255 956,1255 946,1248 935,1248 927,1256 914,1257 906,1254 831,1248 815,1248 804,1254 794,1252 782,1244 710,1249 617,1249 606,1243 598,1243 591,1248 585,1248 578,1243 565,1243 560,1248 539,1249 484,1246 478,1242 456,1241 450,1245 433,1246 338,1245 332,1248 317,1248 302,1241 290,1241 285,1244 217,1245"/>
        <Word id="region0002_line0024_word0000" custom="readingOrder {index:0;}">
          <Coords points="154,1255 187,1255 187,1274 154,1274"/>
          <TextEquiv conf="0.7297406">
            <Unicode>re</Unicode>
          </TextEquiv>
        </Word>
        <Word id="region0002_line0024_word0001" custom="readingOrder {index:1;}">
          <Coords points="195,1246 228,1246 228,1274 195,1274"/>
          <TextEquiv conf="0.97000575">
            <Unicode>de</Unicode>
          </TextEquiv>
        </Word>
        <Word id="region0002_line0024_word0002" custom="readingOrder {index:2;}">
          <Coords points="239,1247 239,1282 264,1283 266,1285 292,1285 294,1282 315,1282 332,1282 332,1248 317,1248 314,1247"/>
          <TextEquiv conf="0.9683957">
            <Unicode>copier</Unicode>
          </TextEquiv>
        </Word>
        <Word id="region0002_line0024_word0003" custom="readingOrder {index:3;}">
          <Coords points="341,1256 383,1256 383,1275 341,1275"/>
          <TextEquiv conf="0.9328594">
            <Unicode>ces</Unicode>
          </TextEquiv>
        </Word>
        <Word id="region0002_line0024_word0004" custom="readingOrder {index:4;}">
          <Coords points="393,1247 393,1275 525,1275 525,1248 502,1247"/>
          <TextEquiv conf="0.91506547">
            <Unicode>excellens</Unicode>
          </TextEquiv>
        </Word>
        <Word id="region0002_line0024_word0005" custom="readingOrder {index:5;}">
          <Coords points="563,1245 560,1248 539,1249 534,1248 534,1285 700,1285 700,1249 617,1249 609,1245 595,1245 591,1248 585,1248 580,1245"/>
          <TextEquiv conf="0.9195924">
            <Unicode>originaux,</Unicode>
          </TextEquiv>
        </Word>
        <Word id="region0002_line0024_word0006" custom="readingOrder {index:6;}">
          <Coords points="715,1249 755,1249 755,1279 715,1279"/>
          <TextEquiv conf="0.9168413">
            <Unicode>an</Unicode>
          </TextEquiv>
        </Word>
        <Word id="region0002_line0024_word0007" custom="readingOrder {index:7;}">
          <Coords points="764,1284 849,1284 849,1249 831,1248 815,1248 804,1254 794,1252 782,1244 764,1245"/>
          <TextEquiv conf="0.8570454">
            <Unicode>ſtatt:</Unicode>
          </TextEquiv>
        </Word>
        <Word id="region0002_line0024_word0008" custom="readingOrder {index:8;}">
          <Coords points="864,1255 864,1289 916,1289 916,1256 914,1257 908,1255"/>
          <TextEquiv conf="0.931584">
            <Unicode>que</Unicode>
          </TextEquiv>
        </Word>
        <Word id="region0002_line0024_word0009" custom="readingOrder {index:9;}">
          <Coords points="927,1274 961,1274 961,1255 956,1255 946,1248 935,1248 927,1256"/>
          <TextEquiv conf="0.9679947">
            <Unicode>de</Unicode>
          </TextEquiv>
        </Word>
        <Word id="region0002_line0024_word0010" custom="readingOrder {index:10;}">
          <Coords points="980,1286 1087,1286 1087,1259 1071,1257 1069,1253 1061,1250 1033,1251 1022,1255 980,1255"/>
          <TextEquiv>
            <Unicode>copier.</Unicode>
          </TextEquiv>
        </Word>
        <TextEquiv>
          <Unicode>re de copier ces excellens originaux, an ſtatt: que de copier.</Unicode>
        </TextEquiv>
      </TextLine>
      <TextLine id="region0002_line0025" custom="readingOrder {index:24;}">
        <Coords points="221,1278 211,1283 147,1279 147,1323 246,1320 273,1318 284,1314 284,1292 270,1289 265,1285 236,1283 231,1279"/>
        <Word id="region0002_line0025_word0000" custom="readingOrder {index:0;}">
          <Coords points="247,1286 156,1286 156,1320 246,1320 247,1319"/>
          <TextEquiv>
            <Unicode>Bouh.</Unicode>
          </TextEquiv>
        </Word>
        <TextEquiv>
          <Unicode>Bouh.</Unicode>
        </TextEquiv>
      </TextLine>
      <TextLine id="region0002_line0026" custom="readingOrder {index:25;}">
        <Coords points="692,1308 680,1317 682,1333 636,1332 630,1325 620,1323 607,1323 601,1331 550,1330 525,1324 492,1325 485,1321 475,1321 469,1326 459,1327 446,1327 440,1322 430,1322 423,1327 388,1327 356,1325 351,1321 335,1322 313,1316 148,1324 147,1362 166,1361 174,1365 204,1363 209,1367 220,1364 238,1370 295,1367 328,1369 365,1365 375,1369 412,1370 448,1366 454,1370 570,1369 598,1372 629,1367 635,1370 657,1368 661,1371 685,1372 697,1378 705,1378 711,1370 720,1369 746,1380 768,1373 785,1382 796,1377 811,1381 821,1378 826,1373 842,1379 853,1375 866,1378 898,1376 914,1379 946,1379 965,1375 969,1378 1019,1381 1093,1376 1093,1340 1072,1328 1050,1331 1045,1327 1037,1327 1009,1336 1001,1331 990,1331 983,1338 896,1336 840,1331 824,1333 819,1329 811,1329 805,1333 797,1327 785,1327 774,1334 695,1334 705,1324 705,1313 700,1308"/>
        <Baseline points="147,1353 1093,1367"/>
        <Word id="region0002_line0026_word0000" custom="readingOrder {index:0;}">
          <Coords points="200,1357 248,1357 248,1320 230,1320 200,1321"/>
          <TextEquiv conf="0.93205184">
            <Unicode>(2)</Unicode>
          </TextEquiv>
        </Word>
        <Word id="region0002_line0026_word0001" custom="readingOrder {index:1;}">
          <Coords points="272,1318 271,1318 271,1353 357,1353 357,1325 356,1325 351,1321 335,1322 320,1318"/>
          <TextEquiv conf="0.91641694">
            <Unicode>Wird</Unicode>
          </TextEquiv>
        </Word>
        <Word id="region0002_line0026_word0002" custom="readingOrder {index:2;}">
          <Coords points="366,1352 421,1352 421,1327 388,1327 366,1325"/>
          <TextEquiv conf="0.9330343">
            <Unicode>vor</Unicode>
          </TextEquiv>
        </Word>
        <Word id="region0002_line0026_word0003" custom="readingOrder {index:3;}">
          <Coords points="430,1352 488,1352 488,1322 485,1321 475,1321 469,1326 459,1327 446,1327 440,1322 430,1322"/>
          <TextEquiv conf="0.9284847">
            <Unicode>das</Unicode>
          </TextEquiv>
        </Word>
        <Word id="region0002_line0026_word0004" custom="readingOrder {index:4;}">
          <Coords points="501,1350 678,1350 678,1332 636,1332 630,1325 620,1323 607,1323 601,1331 550,1330 525,1324 501,1324"/>
          <TextEquiv conf="0.9253308">
            <Unicode>Gerundium</Unicode>
          </TextEquiv>
        </Word>
        <Word id="word_1658479761844_3540" custom="readingOrder {index:5;}">
          <Coords points="686,1325 705,1325 705,1332 695,1342 746,1342 746,1366 686,1366"/>
          <TextEquiv>
            <Unicode>que</Unicode>
          </TextEquiv>
        </Word>
        <Word id="word_1658479761844_3539" custom="readingOrder {index:6;}">
          <Coords points="746,1342 774,1342 785,1335 797,1335 805,1341 811,1337 819,1337 824,1341 840,1339 857,1340 857,1366 746,1366"/>
          <TextEquiv>
            <Unicode>geſetzt,</Unicode>
          </TextEquiv>
        </Word>
        <Word id="region0002_line0026_word0006" custom="readingOrder {index:7;}">
          <Coords points="869,1366 957,1366 957,1351 896,1350 869,1347"/>
          <TextEquiv conf="0.92695135">
            <Unicode>wenn</Unicode>
          </TextEquiv>
        </Word>
        <Word id="region0002_line0026_word0007" custom="readingOrder {index:8;}">
          <Coords points="975,1364 1021,1364 1021,1343 1009,1347 1001,1342 990,1342 983,1349 975,1348"/>
          <TextEquiv conf="0.9291049">
            <Unicode>ein</Unicode>
          </TextEquiv>
        </Word>
        <Word id="region0002_line0026_word0008" custom="readingOrder {index:9;}">
          <Coords points="1032,1366 1088,1366 1088,1352 1073,1344 1051,1347 1046,1343 1038,1343 1032,1344"/>
          <TextEquiv>
            <Unicode>ad-</Unicode>
          </TextEquiv>
        </Word>
        <TextEquiv>
          <Unicode>(2) Wird vor das Gerundium que geſetzt, wenn ein ad-</Unicode>
        </TextEquiv>
      </TextLine>
      <TextLine id="region0002_line0027" custom="readingOrder {index:26;}">
        <Coords points="155,1362 147,1366 147,1415 177,1411 204,1403 279,1408 297,1405 312,1410 329,1411 347,1407 355,1414 382,1412 404,1416 411,1416 420,1408 434,1408 437,1414 452,1409 457,1413 488,1415 577,1413 645,1417 659,1412 665,1416 694,1413 700,1416 728,1418 734,1414 744,1414 751,1421 784,1415 790,1421 807,1420 814,1423 853,1423 863,1417 873,1421 906,1424 981,1423 998,1418 1023,1417 1030,1412 1030,1387 1027,1383 1013,1380 969,1379 965,1376 946,1380 898,1377 866,1379 853,1376 842,1380 826,1374 821,1379 811,1382 796,1379 785,1383 768,1374 746,1381 720,1370 711,1371 705,1379 697,1379 686,1374 666,1373 657,1369 635,1371 629,1368 598,1373 454,1371 448,1367 412,1371 375,1370 365,1366 328,1370 295,1368 238,1371 220,1365 209,1368 204,1364 174,1366 166,1362"/>
        <Word id="region0002_line0027_word0000" custom="readingOrder {index:0;}">
          <Coords points="288,1373 155,1373 155,1413 177,1411 204,1403 279,1408 288,1406"/>
          <TextEquiv>
            <Unicode>jectivum</Unicode>
          </TextEquiv>
        </Word>
        <Word id="region0002_line0027_word0001" custom="readingOrder {index:1;}">
          <Coords points="296,1371 296,1405 297,1405 312,1410 329,1411 347,1407 351,1411 416,1411 420,1408 434,1408 435,1411 446,1411 452,1409 454,1411 502,1413 502,1373 454,1371 412,1371"/>
          <TextEquiv conf="0.4810437">
            <Unicode>vorhergehet,</Unicode>
          </TextEquiv>
        </Word>
        <Word id="region0002_line0027_word0002" custom="readingOrder {index:2;}">
          <Coords points="513,1377 567,1377 567,1404 513,1404"/>
          <TextEquiv conf="0.9325883">
            <Unicode>vor</Unicode>
          </TextEquiv>
        </Word>
        <Word id="region0002_line0027_word0003" custom="readingOrder {index:3;}">
          <Coords points="610,1371 598,1373 575,1372 575,1410 697,1410 697,1379 686,1374 666,1373 661,1371 635,1371"/>
          <TextEquiv conf="0.92459375">
            <Unicode>welchen</Unicode>
          </TextEquiv>
        </Word>
        <Word id="region0002_line0027_word0004" custom="readingOrder {index:4;}">
          <Coords points="711,1371 706,1377 706,1405 735,1405 735,1376 722,1371"/>
          <TextEquiv>
            <Unicode>ſi,</Unicode>
          </TextEquiv>
        </Word>
        <Word id="region0002_line0027_word0005" custom="readingOrder {index:5;}">
          <Coords points="751,1410 799,1410 799,1379 796,1379 785,1383 768,1374 751,1379"/>
          <TextEquiv conf="0.9266374">
            <Unicode>ſo,</Unicode>
          </TextEquiv>
        </Word>
        <Word id="region0002_line0027_word0006" custom="readingOrder {index:6;}">
          <Coords points="813,1411 915,1411 915,1378 898,1377 866,1379 853,1376 842,1380 826,1374 821,1379 813,1381"/>
          <TextEquiv conf="0.9252465">
            <Unicode>ſtehet,</Unicode>
          </TextEquiv>
        </Word>
        <Word id="region0002_line0027_word0007" custom="readingOrder {index:7;}">
          <Coords points="933,1407 1000,1407 1000,1379 969,1379 965,1376 946,1380 933,1379"/>
          <TextEquiv>
            <Unicode>als:</Unicode>
          </TextEquiv>
        </Word>
        <TextEquiv>
          <Unicode>jectivum vorhergehet, vor welchen ſi, ſo, ſtehet, als:</Unicode>
        </TextEquiv>
      </TextLine>
      <TextLine id="region0002_line0028" custom="readingOrder {index:27;}">
        <Coords points="204,1404 196,1408 153,1415 153,1446 202,1450 218,1447 241,1449 279,1448 285,1445 299,1448 316,1446 322,1449 353,1448 363,1456 368,1456 377,1450 396,1450 415,1444 437,1449 531,1449 537,1452 575,1454 590,1460 604,1454 628,1452 657,1452 662,1455 689,1458 746,1453 811,1460 902,1461 915,1458 927,1461 938,1458 962,1458 968,1461 984,1461 990,1467 998,1469 1040,1474 1093,1468 1093,1415 1075,1412 1030,1413 1023,1418 998,1419 981,1424 906,1425 873,1422 868,1418 853,1424 814,1424 807,1421 790,1422 784,1416 751,1422 744,1415 723,1419 702,1418 694,1414 665,1417 659,1413 645,1418 574,1414 488,1416 457,1414 448,1410 437,1415 434,1409 420,1409 411,1417 404,1417 382,1413 355,1415 347,1408 334,1412 312,1411 297,1406 283,1410 242,1410 226,1409 217,1404"/>
        <Baseline points="153,1440 1004,1452"/>
        <Word id="region0002_line0028_word0000" custom="readingOrder {index:0;}">
          <Coords points="198,1412 230,1412 230,1446 198,1446"/>
          <TextEquiv conf="0.9682175">
            <Unicode>Je</Unicode>
          </TextEquiv>
        </Word>
        <Word id="region0002_line0028_word0001" custom="readingOrder {index:1;}">
          <Coords points="240,1421 274,1421 274,1440 240,1440"/>
          <TextEquiv conf="0.95787656">
            <Unicode>ne</Unicode>
          </TextEquiv>
        </Word>
        <Word id="region0002_line0028_word0002" custom="readingOrder {index:2;}">
          <Coords points="285,1413 350,1413 350,1440 285,1440"/>
          <TextEquiv>
            <Unicode>ſerai</Unicode>
          </TextEquiv>
        </Word>
        <Word id="region0002_line0028_word0003" custom="readingOrder {index:3;}">
          <Coords points="405,1422 359,1422 359,1452 374,1452 377,1450 396,1450 405,1447"/>
          <TextEquiv conf="0.96942973">
            <Unicode>pas</Unicode>
          </TextEquiv>
        </Word>
        <Word id="region0002_line0028_word0004" custom="readingOrder {index:4;}">
          <Coords points="414,1440 434,1440 434,1412 416,1412 414,1414"/>
          <TextEquiv>
            <Unicode>ſi</Unicode>
          </TextEquiv>
        </Word>
        <Word id="region0002_line0028_word0005" custom="readingOrder {index:5;}">
          <Coords points="443,1412 442,1412 442,1442 566,1442 566,1414 488,1416 457,1414 452,1412"/>
          <TextEquiv conf="0.9625636">
            <Unicode>heureux</Unicode>
          </TextEquiv>
        </Word>
        <Word id="region0002_line0028_word0006" custom="readingOrder {index:6;}">
          <Coords points="576,1420 630,1420 630,1451 576,1451"/>
          <TextEquiv conf="0.9689037">
            <Unicode>que</Unicode>
          </TextEquiv>
        </Word>
        <Word id="region0002_line0028_word0007" custom="readingOrder {index:7;}">
          <Coords points="641,1441 674,1441 674,1416 665,1417 659,1413 645,1418 641,1417"/>
          <TextEquiv conf="0.97002006">
            <Unicode>de</Unicode>
          </TextEquiv>
        </Word>
        <Word id="region0002_line0028_word0008" custom="readingOrder {index:8;}">
          <Coords points="683,1449 759,1449 759,1420 751,1422 744,1415 723,1419 702,1418 694,1414 683,1415"/>
          <TextEquiv>
            <Unicode>joüir</Unicode>
          </TextEquiv>
        </Word>
        <Word id="region0002_line0028_word0009" custom="readingOrder {index:9;}">
          <Coords points="768,1441 801,1441 801,1421 790,1422 784,1416 768,1418"/>
          <TextEquiv conf="0.96848214">
            <Unicode>de</Unicode>
          </TextEquiv>
        </Word>
        <Word id="region0002_line0028_word0010" custom="readingOrder {index:10;}">
          <Coords points="811,1442 851,1442 851,1424 814,1424 811,1422"/>
          <TextEquiv conf="0.967976">
            <Unicode>cet</Unicode>
          </TextEquiv>
        </Word>
        <Word id="region0002_line0028_word0011" custom="readingOrder {index:11;}">
          <Coords points="858,1446 1005,1446 1005,1418 998,1419 981,1424 906,1425 873,1422 868,1418 858,1422"/>
          <TextEquiv conf="0.92233247">
            <Unicode>honneur,</Unicode>
          </TextEquiv>
        </Word>
        <Word id="region0002_line0028_word0012" custom="readingOrder {index:12;}">
          <Coords points="1018,1453 1081,1453 1081,1413 1075,1412 1030,1413 1023,1418 1018,1418"/>
          <TextEquiv conf="0.92781234">
            <Unicode>Jch</Unicode>
          </TextEquiv>
        </Word>
        <TextEquiv>
          <Unicode>Je ne ſerai pas ſi heureux que de joüir de cet honneur, Jch</Unicode>
        </TextEquiv>
      </TextLine>
      <TextLine id="region0002_line0029" custom="readingOrder {index:28;}">
        <Coords points="410,1445 393,1452 376,1453 368,1457 363,1457 353,1449 322,1450 316,1447 299,1449 285,1446 277,1450 218,1448 212,1451 147,1447 147,1490 229,1488 234,1491 255,1489 262,1492 269,1488 278,1488 282,1492 296,1494 336,1494 359,1490 368,1496 384,1500 425,1496 432,1491 439,1491 444,1494 460,1492 466,1496 490,1497 496,1501 512,1498 523,1502 533,1498 551,1500 558,1494 570,1498 649,1499 668,1503 719,1502 723,1498 732,1498 739,1503 759,1506 774,1504 779,1500 798,1500 812,1509 827,1506 860,1509 868,1501 876,1501 881,1506 893,1501 902,1504 917,1501 934,1510 950,1510 962,1503 1012,1506 1024,1502 1035,1505 1040,1500 1039,1474 998,1470 983,1462 968,1462 962,1459 840,1463 777,1459 766,1455 746,1454 689,1459 662,1456 657,1453 628,1453 604,1456 590,1461 569,1455 538,1454 531,1450 437,1450"/>
        <Word id="region0002_line0029_word0000" custom="readingOrder {index:0;}">
          <Coords points="252,1459 156,1459 156,1489 229,1488 232,1490 244,1490 252,1489"/>
          <TextEquiv conf="0.9255342">
            <Unicode>werde</Unicode>
          </TextEquiv>
        </Word>
        <Word id="region0002_line0029_word0001" custom="readingOrder {index:1;}">
          <Coords points="338,1456 263,1456 263,1491 269,1488 278,1488 282,1492 296,1494 336,1494 338,1493"/>
          <TextEquiv conf="0.93696374">
            <Unicode>nicht</Unicode>
          </TextEquiv>
        </Word>
        <Word id="region0002_line0029_word0002" custom="readingOrder {index:2;}">
          <Coords points="372,1494 372,1458 345,1458 345,1492 359,1490 365,1494"/>
          <TextEquiv>
            <Unicode>ſo</Unicode>
          </TextEquiv>
        </Word>
        <Word id="region0002_line0029_word0003" custom="readingOrder {index:3;}">
          <Coords points="510,1498 510,1451 395,1451 393,1452 382,1452 382,1498 404,1498 425,1496 432,1491 439,1491 444,1494 460,1492 466,1496 490,1497 491,1498"/>
          <TextEquiv>
            <Unicode>gluͤckllch</Unicode>
          </TextEquiv>
        </Word>
        <Word id="region0002_line0029_word0004" custom="readingOrder {index:4;}">
          <Coords points="519,1456 519,1498 533,1498 553,1498 558,1494 570,1498 603,1498 603,1456 590,1461 572,1456"/>
          <TextEquiv conf="0.7122236">
            <Unicode>ſeyn,</Unicode>
          </TextEquiv>
        </Word>
        <Word id="region0002_line0029_word0005" custom="readingOrder {index:5;}">
          <Coords points="629,1457 629,1495 715,1495 715,1457 711,1457 689,1459 671,1457"/>
          <TextEquiv conf="0.9266316">
            <Unicode>dieſer</Unicode>
          </TextEquiv>
        </Word>
        <Word id="region0002_line0029_word0006" custom="readingOrder {index:6;}">
          <Coords points="734,1455 723,1456 723,1495 801,1495 801,1460 777,1459 766,1455"/>
          <TextEquiv conf="0.92876226">
            <Unicode>Ehre</Unicode>
          </TextEquiv>
        </Word>
        <Word id="word_1658479854644_3610" custom="readingOrder {index:7;}">
          <Coords points="811,1461 840,1463 850,1462 850,1497 811,1497"/>
          <TextEquiv>
            <Unicode>zu</Unicode>
          </TextEquiv>
        </Word>
        <Word id="word_1658479854644_3609" custom="readingOrder {index:8;}">
          <Coords points="850,1462 962,1459 968,1462 983,1462 998,1470 1000,1470 1000,1497 850,1497"/>
          <TextEquiv>
            <Unicode>genieſſen.</Unicode>
          </TextEquiv>
        </Word>
        <TextEquiv>
          <Unicode>werde nicht ſo gluͤckllch ſeyn, dieſer Ehre zu genieſſen.</Unicode>
        </TextEquiv>
      </TextLine>
      <TextLine id="region0002_line0030" custom="readingOrder {index:29;}">
        <Coords points="216,1489 157,1491 154,1495 155,1522 213,1528 234,1535 266,1528 279,1531 295,1529 301,1532 326,1530 346,1535 387,1535 388,1538 401,1542 412,1540 418,1533 430,1532 483,1535 495,1543 509,1539 515,1532 531,1531 545,1536 588,1536 592,1539 659,1536 670,1539 776,1543 796,1540 827,1550 882,1540 912,1544 952,1545 973,1542 1005,1547 1037,1546 1093,1550 1093,1510 1036,1508 1029,1503 1016,1504 1010,1508 982,1508 977,1504 962,1504 950,1511 934,1511 917,1502 903,1505 893,1502 884,1507 876,1502 868,1502 860,1510 845,1507 812,1510 798,1501 779,1501 774,1505 759,1507 739,1504 732,1499 723,1499 719,1503 668,1504 649,1500 570,1499 558,1495 551,1501 533,1499 523,1503 512,1499 496,1502 490,1498 468,1498 460,1493 444,1495 439,1492 432,1492 425,1497 384,1501 367,1498 359,1491 336,1495 296,1495 282,1493 278,1489 269,1489 262,1493 255,1490 234,1492 229,1489"/>
        <Baseline points="155,1517 1093,1539"/>
        <Word id="word_1658479870295_3622" custom="readingOrder {index:0;}">
          <Coords points="199,1497 235,1497 235,1532 225,1532 213,1528 199,1526"/>
          <TextEquiv>
            <Unicode>Si</Unicode>
          </TextEquiv>
        </Word>
        <Word id="word_1658479886449_3641" custom="readingOrder {index:1;}">
          <Coords points="235,1497 260,1494 289,1494 331,1495 331,1524 247,1532 235,1532"/>
          <TextEquiv>
            <Unicode>j'étois</Unicode>
          </TextEquiv>
        </Word>
        <Word id="region0002_line0030_word0002" custom="readingOrder {index:2;}">
          <Coords points="339,1524 359,1524 359,1494 341,1494 339,1494"/>
          <TextEquiv>
            <Unicode>ſi</Unicode>
          </TextEquiv>
        </Word>
        <Word id="region0002_line0030_word0003" custom="readingOrder {index:3;}">
          <Coords points="430,1493 425,1497 384,1501 367,1498 366,1497 366,1535 387,1535 387,1536 415,1536 418,1533 430,1532 475,1534 475,1498 468,1498 460,1493 444,1495 440,1493"/>
          <TextEquiv conf="0.92786974">
            <Unicode>capable</Unicode>
          </TextEquiv>
        </Word>
        <Word id="region0002_line0030_word0004" custom="readingOrder {index:4;}">
          <Coords points="537,1504 485,1504 485,1536 486,1537 510,1537 515,1532 531,1531 537,1533"/>
          <TextEquiv conf="0.9673698">
            <Unicode>que</Unicode>
          </TextEquiv>
        </Word>
        <Word id="region0002_line0030_word0005" custom="readingOrder {index:5;}">
          <Coords points="546,1523 579,1523 579,1499 570,1499 558,1495 551,1501 546,1500"/>
          <TextEquiv conf="0.9685553">
            <Unicode>de</Unicode>
          </TextEquiv>
        </Word>
        <Word id="region0002_line0030_word0006" custom="readingOrder {index:6;}">
          <Coords points="588,1505 658,1505 658,1527 588,1527"/>
          <TextEquiv conf="0.63175714">
            <Unicode>vous</Unicode>
          </TextEquiv>
        </Word>
        <Word id="region0002_line0030_word0007" custom="readingOrder {index:7;}">
          <Coords points="665,1524 763,1524 763,1506 759,1507 739,1504 732,1499 723,1499 719,1503 668,1504 665,1503"/>
          <TextEquiv conf="0.9329521">
            <Unicode>rendre</Unicode>
          </TextEquiv>
        </Word>
        <Word id="word_1658479902119_3652" custom="readingOrder {index:8;}">
          <Coords points="779,1501 799,1501 917,1502 946,1511 946,1535 807,1535 772,1524 772,1505"/>
          <TextEquiv>
            <Unicode>d'agréables</Unicode>
          </TextEquiv>
        </Word>
        <Word id="region0002_line0030_word0010" custom="readingOrder {index:9;}">
          <Coords points="958,1529 1081,1529 1081,1509 1036,1508 1029,1503 1016,1504 1010,1508 982,1508 977,1504 962,1504 958,1506"/>
          <TextEquiv conf="0.89817214">
            <Unicode>ſervices,</Unicode>
          </TextEquiv>
        </Word>
        <TextEquiv>
          <Unicode>Si j'étois ſi capable que de vous rendre d'agréables ſervices,</Unicode>
        </TextEquiv>
      </TextLine>
      <TextLine id="region0002_line0031" custom="readingOrder {index:30;}">
        <Coords points="147,1523 147,1575 209,1575 218,1571 230,1571 236,1575 284,1577 300,1583 305,1579 312,1586 320,1586 327,1579 365,1577 377,1577 381,1585 391,1587 402,1586 407,1578 429,1577 506,1581 510,1584 522,1581 566,1585 630,1583 644,1584 650,1590 660,1590 668,1584 675,1584 709,1587 721,1594 730,1594 740,1588 783,1589 789,1595 800,1595 809,1589 850,1592 942,1590 953,1597 961,1597 968,1591 973,1591 995,1592 1003,1598 1016,1597 1021,1592 1093,1592 1093,1552 1064,1549 989,1547 973,1543 936,1547 882,1541 827,1551 796,1541 778,1545 695,1542 659,1537 583,1540 539,1538 531,1532 518,1532 511,1535 509,1540 495,1544 483,1536 457,1537 452,1534 430,1533 418,1534 412,1541 401,1543 389,1539 346,1537 326,1531 301,1533 295,1530 279,1532 266,1529 258,1533 234,1536 213,1529"/>
        <Word id="region0002_line0031_word0000" custom="readingOrder {index:0;}">
          <Coords points="155,1534 155,1569 255,1569 255,1534 250,1534 234,1536 228,1534"/>
          <TextEquiv conf="0.91542745">
            <Unicode>Wenn</Unicode>
          </TextEquiv>
        </Word>
        <Word id="region0002_line0031_word0001" custom="readingOrder {index:1;}">
          <Coords points="264,1533 304,1533 304,1573 264,1573"/>
          <TextEquiv conf="0.91542745">
            <Unicode>ich</Unicode>
          </TextEquiv>
        </Word>
        <Word id="region0002_line0031_word0002" custom="readingOrder {index:2;}">
          <Coords points="313,1534 313,1575 341,1575 341,1535 336,1534"/>
          <TextEquiv>
            <Unicode>ſo</Unicode>
          </TextEquiv>
        </Word>
        <Word id="region0002_line0031_word0003" custom="readingOrder {index:3;}">
          <Coords points="418,1534 412,1541 401,1543 389,1539 357,1537 357,1574 466,1574 466,1536 457,1537 452,1534"/>
          <TextEquiv conf="0.9694873">
            <Unicode>capable</Unicode>
          </TextEquiv>
        </Word>
        <Word id="region0002_line0031_word0004" custom="readingOrder {index:4;}">
          <Coords points="482,1570 580,1570 580,1539 539,1538 531,1532 518,1532 511,1535 509,1540 495,1544 483,1536 482,1536"/>
          <TextEquiv conf="0.91981834">
            <Unicode>waͤre,</Unicode>
          </TextEquiv>
        </Word>
        <Word id="region0002_line0031_word0005" custom="readingOrder {index:5;}">
          <Coords points="600,1572 666,1572 666,1537 659,1537 600,1539"/>
          <TextEquiv conf="0.928941">
            <Unicode>euch</Unicode>
          </TextEquiv>
        </Word>
        <Word id="region0002_line0031_word0006" custom="readingOrder {index:6;}">
          <Coords points="677,1573 853,1573 853,1546 827,1551 796,1541 778,1545 695,1542 677,1539"/>
          <TextEquiv conf="0.9286234">
            <Unicode>angenehme</Unicode>
          </TextEquiv>
        </Word>
        <Word id="region0002_line0031_word0007" custom="readingOrder {index:7;}">
          <Coords points="869,1573 990,1573 990,1547 989,1547 973,1543 936,1547 882,1541 869,1543"/>
          <TextEquiv conf="0.927284">
            <Unicode>Dienſte</Unicode>
          </TextEquiv>
        </Word>
        <Word id="region0002_line0031_word0008" custom="readingOrder {index:8;}">
          <Coords points="1004,1573 1082,1573 1082,1550 1064,1549 1004,1547"/>
          <TextEquiv>
            <Unicode>zuer⸗</Unicode>
          </TextEquiv>
        </Word>
        <TextEquiv>
          <Unicode>Wenn ich ſo capable waͤre, euch angenehme Dienſte zuer⸗</Unicode>
        </TextEquiv>
      </TextLine>
      <TextLine id="region0002_line0032" custom="readingOrder {index:31;}">
        <Coords points="218,1572 209,1576 147,1576 147,1616 193,1617 210,1614 219,1620 226,1616 281,1611 300,1605 299,1583 284,1578 236,1576 230,1572"/>
        <Word id="region0002_line0032_word0000" custom="readingOrder {index:0;}">
          <Coords points="268,1580 155,1580 155,1616 193,1617 210,1614 217,1619 220,1619 226,1616 268,1612"/>
          <TextEquiv conf="0.8979539">
            <Unicode>weiſen.</Unicode>
          </TextEquiv>
        </Word>
        <TextEquiv>
          <Unicode>weiſen.</Unicode>
        </TextEquiv>
      </TextLine>
      <TextLine id="region0002_line0033" custom="readingOrder {index:32;}">
        <Coords points="300,1606 281,1612 226,1617 219,1621 210,1615 148,1619 147,1657 195,1660 203,1655 215,1661 221,1656 230,1656 234,1662 249,1662 255,1657 263,1657 270,1663 284,1665 315,1662 336,1665 344,1661 384,1665 392,1662 436,1660 456,1660 473,1664 520,1664 536,1660 543,1665 566,1666 572,1663 586,1663 619,1667 623,1662 652,1663 670,1669 690,1663 704,1663 710,1666 724,1665 756,1670 768,1666 789,1668 800,1665 834,1671 860,1671 866,1668 881,1671 926,1671 931,1668 948,1668 951,1671 972,1673 989,1669 1022,1672 1038,1668 1093,1671 1093,1634 1074,1634 1072,1627 1067,1623 1058,1623 1049,1633 1039,1634 1035,1626 1022,1623 983,1623 951,1629 880,1620 846,1622 822,1627 799,1625 794,1621 749,1618 687,1623 681,1617 666,1620 649,1617 641,1623 635,1615 619,1617 613,1623 575,1621 564,1616 553,1616 547,1620 541,1616 528,1616 523,1620 482,1621 443,1619 437,1614 427,1614 420,1619 388,1619 380,1618 373,1609 363,1609 353,1614 342,1609 328,1612"/>
        <Baseline points="147,1647 1093,1661"/>
        <Word id="region0002_line0033_word0000" custom="readingOrder {index:0;}">
          <Coords points="201,1620 201,1656 201,1656 203,1655 205,1656 221,1656 230,1656 250,1656 250,1620 221,1620 219,1621 218,1620"/>
          <TextEquiv conf="0.9673909">
            <Unicode>(2)</Unicode>
          </TextEquiv>
        </Word>
        <Word id="region0002_line0033_word0001" custom="readingOrder {index:1;}">
          <Coords points="272,1614 322,1614 322,1659 272,1659"/>
          <TextEquiv>
            <Unicode>Jn</Unicode>
          </TextEquiv>
        </Word>
        <Word id="region0002_line0033_word0002" custom="readingOrder {index:2;}">
          <Coords points="329,1616 329,1658 480,1658 480,1620 443,1619 439,1616 424,1616 420,1619 388,1619 380,1618 378,1616"/>
          <TextEquiv conf="0.91712767">
            <Unicode>folgenden</Unicode>
          </TextEquiv>
        </Word>
        <Word id="region0002_line0033_word0003" custom="readingOrder {index:3;}">
          <Coords points="524,1619 523,1620 488,1621 488,1651 546,1651 546,1619 546,1619"/>
          <TextEquiv conf="0.8861923">
            <Unicode>und</Unicode>
          </TextEquiv>
        </Word>
        <Word id="region0002_line0033_word0004" custom="readingOrder {index:4;}">
          <Coords points="554,1616 554,1657 723,1657 723,1620 687,1623 681,1617 666,1620 649,1617 641,1623 635,1616 627,1616 619,1617 613,1623 575,1621 564,1616"/>
          <TextEquiv conf="0.92879134">
            <Unicode>dergleichen</Unicode>
          </TextEquiv>
        </Word>
        <Word id="region0002_line0033_word0005" custom="readingOrder {index:5;}">
          <Coords points="733,1656 976,1656 976,1624 951,1629 880,1620 846,1622 822,1627 799,1625 794,1621 749,1618 733,1619"/>
          <TextEquiv>
            <Unicode>Redens⸗Arten:</Unicode>
          </TextEquiv>
        </Word>
        <Word id="region0002_line0033_word0006" custom="readingOrder {index:6;}">
          <Coords points="993,1648 1025,1648 1025,1623 1022,1623 993,1623"/>
          <TextEquiv conf="0.51790816">
            <Unicode>L’</Unicode>
          </TextEquiv>
        </Word>
        <Word id="region0002_line0033_word0007" custom="readingOrder {index:7;}">
          <Coords points="1040,1650 1080,1650 1080,1634 1074,1634 1072,1627 1067,1623 1058,1623 1049,1633 1040,1633"/>
          <TextEquiv conf="0.73669934">
            <Unicode>ai-</Unicode>
          </TextEquiv>
        </Word>
        <TextEquiv>
          <Unicode>(2) Jn folgenden und dergleichen Redens⸗Arten: L’ ai-</Unicode>
        </TextEquiv>
      </TextLine>
      <TextLine id="region0002_line0034" custom="readingOrder {index:33;}">
        <Coords points="201,1656 195,1661 147,1659 147,1697 172,1695 176,1698 232,1696 271,1699 278,1695 286,1695 298,1700 339,1698 379,1700 384,1704 395,1704 403,1699 413,1698 463,1703 515,1700 520,1703 560,1705 582,1711 679,1711 686,1717 694,1717 700,1711 759,1713 768,1719 776,1719 783,1714 911,1714 922,1715 929,1722 937,1722 945,1715 951,1714 1068,1716 1093,1713 1093,1674 1063,1672 1057,1669 1038,1669 1022,1673 989,1670 972,1674 951,1672 948,1669 931,1669 926,1672 881,1672 875,1669 834,1672 800,1666 789,1669 768,1667 756,1671 690,1664 670,1670 652,1664 633,1663 623,1663 619,1668 586,1664 552,1667 543,1666 536,1661 520,1665 473,1665 456,1661 436,1661 392,1663 384,1666 370,1666 364,1663 284,1666 270,1664 263,1658 255,1658 249,1663 234,1663 230,1657 221,1657 213,1662"/>
        <Word id="region0002_line0034_word0000" custom="readingOrder {index:0;}">
          <Coords points="155,1665 246,1665 246,1695 155,1695"/>
          <TextEquiv conf="0.91378105">
            <Unicode>mable</Unicode>
          </TextEquiv>
        </Word>
        <Word id="region0002_line0034_word0001" custom="readingOrder {index:1;}">
          <Coords points="255,1664 255,1694 370,1694 370,1666 366,1664 337,1664 284,1666 270,1664"/>
          <TextEquiv conf="0.9157538">
            <Unicode>homme</Unicode>
          </TextEquiv>
        </Word>
        <Word id="region0002_line0034_word0002" custom="readingOrder {index:2;}">
          <Coords points="432,1671 378,1671 378,1699 379,1700 382,1703 396,1703 403,1699 413,1698 432,1699"/>
          <TextEquiv conf="0.9271234">
            <Unicode>que</Unicode>
          </TextEquiv>
        </Word>
        <Word id="region0002_line0034_word0003" custom="readingOrder {index:3;}">
          <Coords points="440,1665 440,1695 585,1695 585,1665 574,1665 552,1667 543,1666 541,1665 520,1665 473,1665"/>
          <TextEquiv conf="0.916574">
            <Unicode>Leandre!</Unicode>
          </TextEquiv>
        </Word>
        <Word id="region0002_line0034_word0004" custom="readingOrder {index:4;}">
          <Coords points="621,1665 619,1668 603,1666 603,1700 667,1700 667,1669 655,1665"/>
          <TextEquiv conf="0.9073746">
            <Unicode>Wie</Unicode>
          </TextEquiv>
        </Word>
        <Word id="region0002_line0034_word0005" custom="readingOrder {index:5;}">
          <Coords points="676,1705 707,1705 707,1665 690,1664 676,1668"/>
          <TextEquiv conf="0.93027145">
            <Unicode>iſt</Unicode>
          </TextEquiv>
        </Word>
        <Word id="region0002_line0034_word0006" custom="readingOrder {index:6;}">
          <Coords points="715,1705 782,1705 782,1668 768,1667 756,1671 715,1666"/>
          <TextEquiv conf="0.9260627">
            <Unicode>doch</Unicode>
          </TextEquiv>
        </Word>
        <Word id="region0002_line0034_word0007" custom="readingOrder {index:7;}">
          <Coords points="791,1699 915,1699 915,1672 881,1672 875,1669 834,1672 800,1666 791,1668"/>
          <TextEquiv conf="0.9258407">
            <Unicode>Leander</Unicode>
          </TextEquiv>
        </Word>
        <Word id="region0002_line0034_word0008" custom="readingOrder {index:8;}">
          <Coords points="930,1705 955,1705 955,1672 951,1672 948,1669 931,1669 930,1669"/>
          <TextEquiv conf="0.9256571">
            <Unicode>ſo</Unicode>
          </TextEquiv>
        </Word>
        <Word id="region0002_line0034_word0009" custom="readingOrder {index:9;}">
          <Coords points="974,1699 1020,1699 1020,1672 989,1670 974,1673"/>
          <TextEquiv conf="0.9208601">
            <Unicode>ein</Unicode>
          </TextEquiv>
        </Word>
        <Word id="region0002_line0034_word0010" custom="readingOrder {index:10;}">
          <Coords points="1037,1698 1083,1698 1083,1673 1063,1672 1057,1669 1038,1669 1037,1669"/>
          <TextEquiv conf="0.9070204">
            <Unicode>lie⸗</Unicode>
          </TextEquiv>
        </Word>
        <TextEquiv>
          <Unicode>mable homme que Leandre! Wie iſt doch Leander ſo ein lie⸗</Unicode>
        </TextEquiv>
      </TextLine>
      <TextLine id="region0002_line0035" custom="readingOrder {index:34;}">
        <Coords points="159,1696 147,1698 147,1742 214,1740 253,1745 297,1745 317,1744 330,1740 336,1744 348,1744 353,1748 474,1748 483,1752 493,1749 512,1752 537,1745 570,1743 579,1739 578,1711 560,1706 520,1704 515,1701 463,1704 413,1699 403,1700 395,1705 384,1705 379,1701 347,1703 339,1699 308,1699 299,1702 286,1696 278,1696 270,1701 238,1700 232,1697 193,1700"/>
        <Word id="word_1658479985251_3691" custom="readingOrder {index:0;}">
          <Coords points="155,1707 253,1701 400,1701 400,1748 353,1748 253,1745 155,1741"/>
          <TextEquiv>
            <Unicode>bens,wuͤrdiger</Unicode>
          </TextEquiv>
        </Word>
        <Word id="region0002_line0035_word0002" custom="readingOrder {index:1;}">
          <Coords points="536,1708 398,1708 398,1748 474,1748 526,1748 536,1745"/>
          <TextEquiv conf="0.92676836">
            <Unicode>Menſch!</Unicode>
          </TextEquiv>
        </Word>
        <TextEquiv>
          <Unicode>bens,wuͤrdiger Menſch!</Unicode>
        </TextEquiv>
      </TextLine>
      <TextLine id="region0002_line0036" custom="readingOrder {index:35;}">
        <Coords points="186,1741 147,1744 148,1782 208,1783 230,1779 237,1781 242,1787 257,1788 283,1779 297,1782 330,1779 344,1783 463,1787 471,1788 478,1797 495,1796 501,1788 527,1788 617,1791 649,1797 751,1797 757,1802 767,1802 773,1797 816,1796 841,1797 847,1803 858,1803 864,1797 917,1795 981,1800 988,1808 999,1807 1003,1800 1093,1800 1093,1755 1072,1755 1067,1750 1058,1748 1049,1748 1041,1756 1027,1757 1015,1756 1009,1750 992,1750 985,1756 955,1756 948,1748 938,1748 926,1756 914,1749 863,1749 858,1745 849,1745 831,1752 811,1751 807,1748 787,1750 782,1746 769,1745 750,1746 738,1751 729,1745 719,1743 645,1742 632,1743 608,1751 600,1743 576,1742 537,1746 512,1753 502,1750 483,1753 474,1749 353,1749 348,1745 336,1745 330,1741 317,1745 297,1746 224,1745 214,1741"/>
        <Baseline points="148,1772 667,1787 1093,1790"/>
        <Word id="region0002_line0036_word0000" custom="readingOrder {index:0;}">
          <Coords points="196,1752 236,1752 236,1778 196,1778"/>
          <TextEquiv conf="0.91709155">
            <Unicode>Le</Unicode>
          </TextEquiv>
        </Word>
        <Word id="region0002_line0036_word0001" custom="readingOrder {index:1;}">
          <Coords points="332,1750 245,1750 245,1787 257,1788 283,1779 297,1782 330,1779 332,1779"/>
          <TextEquiv conf="0.90612876">
            <Unicode>grand</Unicode>
          </TextEquiv>
        </Word>
        <Word id="region0002_line0036_word0002" custom="readingOrder {index:2;}">
          <Coords points="341,1751 456,1751 456,1780 341,1780"/>
          <TextEquiv conf="0.90612876">
            <Unicode>homme</Unicode>
          </TextEquiv>
        </Word>
        <Word id="region0002_line0036_word0003" custom="readingOrder {index:3;}">
          <Coords points="527,1761 473,1761 473,1790 499,1790 501,1788 527,1788"/>
          <TextEquiv conf="0.92968506">
            <Unicode>que</Unicode>
          </TextEquiv>
        </Word>
        <Word id="region0002_line0036_word0004" custom="readingOrder {index:4;}">
          <Coords points="538,1752 642,1752 642,1783 538,1783"/>
          <TextEquiv conf="0.9030998">
            <Unicode>Ceſar!</Unicode>
          </TextEquiv>
        </Word>
        <Word id="region0002_line0036_word0005" custom="readingOrder {index:5;}">
          <Coords points="665,1751 732,1751 732,1787 665,1787"/>
          <TextEquiv conf="0.9271471">
            <Unicode>Wie</Unicode>
          </TextEquiv>
        </Word>
        <Word id="region0002_line0036_word0006" custom="readingOrder {index:6;}">
          <Coords points="748,1751 781,1751 781,1791 748,1791"/>
          <TextEquiv conf="0.9325425">
            <Unicode>iſt</Unicode>
          </TextEquiv>
        </Word>
        <Word id="region0002_line0036_word0007" custom="readingOrder {index:7;}">
          <Coords points="795,1750 795,1791 863,1791 863,1750 836,1750 831,1752 811,1751 809,1750"/>
          <TextEquiv conf="0.9255779">
            <Unicode>doch</Unicode>
          </TextEquiv>
        </Word>
        <Word id="region0002_line0036_word0008" custom="readingOrder {index:8;}">
          <Coords points="879,1751 879,1781 971,1781 971,1756 955,1756 950,1751 933,1751 926,1756 917,1751"/>
          <TextEquiv>
            <Unicode>Cæſar</Unicode>
          </TextEquiv>
        </Word>
        <Word id="region0002_line0036_word0009" custom="readingOrder {index:9;}">
          <Coords points="989,1752 988,1753 988,1793 1016,1793 1016,1756 1015,1756 1011,1752"/>
          <TextEquiv conf="0.9303743">
            <Unicode>ſo</Unicode>
          </TextEquiv>
        </Word>
        <Word id="region0002_line0036_word0010" custom="readingOrder {index:10;}">
          <Coords points="1047,1750 1041,1756 1032,1756 1032,1786 1081,1786 1081,1755 1072,1755 1067,1750"/>
          <TextEquiv conf="0.92795694">
            <Unicode>ein</Unicode>
          </TextEquiv>
        </Word>
        <TextEquiv>
          <Unicode>Le grand homme que Ceſar! Wie iſt doch Cæſar ſo ein</Unicode>
        </TextEquiv>
      </TextLine>
      <TextLine id="region0002_line0037" custom="readingOrder {index:36;}">
        <Coords points="225,1780 208,1784 147,1785 147,1832 166,1834 195,1824 208,1824 215,1831 219,1827 229,1828 234,1823 242,1823 249,1828 266,1827 273,1823 283,1828 363,1828 388,1818 409,1817 414,1812 414,1790 409,1786 344,1784 330,1780 297,1783 283,1780 257,1789 245,1789 235,1781"/>
        <Word id="region0002_line0037_word0000" custom="readingOrder {index:0;}">
          <Coords points="262,1792 155,1792 155,1832 171,1832 195,1824 208,1824 215,1831 219,1827 229,1828 234,1823 242,1823 249,1828 262,1827"/>
          <TextEquiv conf="0.9275553">
            <Unicode>groſſer</Unicode>
          </TextEquiv>
        </Word>
        <Word id="region0002_line0037_word0001" custom="readingOrder {index:1;}">
          <Coords points="364,1792 270,1792 270,1824 273,1823 283,1828 363,1828 364,1827"/>
          <TextEquiv conf="0.929143">
            <Unicode>Held!</Unicode>
          </TextEquiv>
        </Word>
        <TextEquiv>
          <Unicode>groſſer Held!</Unicode>
        </TextEquiv>
      </TextLine>
      <TextLine id="region0002_line0038" custom="readingOrder {index:37;}">
        <Coords points="380,1822 369,1828 336,1830 283,1829 276,1824 265,1829 249,1829 245,1825 234,1824 229,1829 219,1828 215,1832 208,1825 195,1825 189,1827 186,1834 173,1834 169,1837 168,1855 178,1860 206,1862 218,1866 258,1863 283,1868 292,1873 307,1873 317,1869 371,1868 378,1865 394,1867 400,1864 413,1864 423,1869 453,1870 462,1876 497,1869 502,1872 525,1873 644,1875 668,1882 780,1881 785,1885 795,1885 800,1880 850,1880 872,1882 877,1887 888,1887 894,1882 951,1883 958,1890 967,1890 974,1883 998,1884 1005,1890 1013,1890 1019,1885 1027,1884 1093,1883 1093,1840 1048,1840 1041,1833 1010,1833 1004,1837 983,1837 979,1834 965,1833 957,1838 950,1838 944,1833 934,1833 929,1837 925,1834 895,1836 886,1829 877,1829 867,1836 853,1836 836,1831 805,1829 777,1830 765,1835 745,1828 662,1828 641,1835 598,1836 589,1835 580,1826 567,1826 554,1834 530,1832 524,1824 512,1825 505,1832 480,1832 414,1830 405,1822"/>
        <Baseline points="168,1855 403,1857 690,1872 1093,1874"/>
        <Word id="word_1658480013605_3707" custom="readingOrder {index:0;}">
          <Coords points="195,1833 345,1833 345,1868 317,1869 307,1873 292,1873 283,1868 258,1863 218,1866 206,1862 195,1861"/>
          <TextEquiv>
            <Unicode>L'indigne</Unicode>
          </TextEquiv>
        </Word>
        <Word id="word_1658480015639_3712" custom="readingOrder {index:1;}">
          <Coords points="345,1833 444,1833 444,1869 423,1869 413,1864 400,1864 394,1867 378,1865 371,1868 345,1868"/>
          <TextEquiv>
            <Unicode>action</Unicode>
          </TextEquiv>
        </Word>
        <Word id="region0002_line0038_word0001" custom="readingOrder {index:2;}">
          <Coords points="509,1828 505,1832 480,1832 462,1831 462,1876 497,1869 502,1872 509,1872"/>
          <TextEquiv conf="0.8958552">
            <Unicode>que</Unicode>
          </TextEquiv>
        </Word>
        <Word id="region0002_line0038_word0002" custom="readingOrder {index:3;}">
          <Coords points="522,1825 522,1872 525,1873 553,1873 553,1833 530,1832 524,1825"/>
          <TextEquiv conf="0.8958552">
            <Unicode>la</Unicode>
          </TextEquiv>
        </Word>
        <Word id="region0002_line0038_word0003" custom="readingOrder {index:4;}">
          <Coords points="561,1834 561,1868 665,1868 665,1834 644,1834 641,1835 598,1836 589,1835 588,1834"/>
          <TextEquiv conf="0.92478293">
            <Unicode>ſienne!</Unicode>
          </TextEquiv>
        </Word>
        <Word id="region0002_line0038_word0004" custom="readingOrder {index:5;}">
          <Coords points="687,1834 754,1834 754,1869 687,1869"/>
          <TextEquiv>
            <Unicode>Wie</Unicode>
          </TextEquiv>
        </Word>
        <Word id="region0002_line0038_word0005" custom="readingOrder {index:6;}">
          <Coords points="775,1833 809,1833 809,1872 775,1872"/>
          <TextEquiv conf="0.9294838">
            <Unicode>iſt</Unicode>
          </TextEquiv>
        </Word>
        <Word id="region0002_line0038_word0006" custom="readingOrder {index:7;}">
          <Coords points="826,1831 826,1872 894,1872 894,1835 888,1831 874,1831 867,1836 853,1836 836,1831"/>
          <TextEquiv conf="0.93230593">
            <Unicode>doch</Unicode>
          </TextEquiv>
        </Word>
        <Word id="region0002_line0038_word0007" custom="readingOrder {index:8;}">
          <Coords points="932,1834 929,1837 925,1834 914,1834 914,1874 984,1874 984,1837 983,1837 979,1834 963,1834 957,1838 950,1838 945,1834"/>
          <TextEquiv conf="0.93200874">
            <Unicode>dieſe</Unicode>
          </TextEquiv>
        </Word>
        <Word id="region0002_line0038_word0008" custom="readingOrder {index:9;}">
          <Coords points="1010,1833 1004,1837 1004,1873 1081,1873 1081,1840 1048,1840 1041,1833"/>
          <TextEquiv conf="0.93008256">
            <Unicode>ſeine</Unicode>
          </TextEquiv>
        </Word>
        <TextEquiv>
          <Unicode>L'indigne action que la ſienne! Wie iſt doch dieſe ſeine</Unicode>
        </TextEquiv>
      </TextLine>
      <TextLine id="region0002_line0039" custom="readingOrder {index:38;}">
        <Coords points="147,1856 147,1910 165,1910 172,1907 192,1910 203,1904 236,1908 246,1913 257,1910 320,1911 325,1908 343,1908 347,1911 364,1907 371,1914 428,1910 465,1918 519,1913 538,1914 541,1910 541,1881 538,1877 504,1875 497,1870 462,1877 444,1869 426,1871 413,1865 400,1865 394,1868 378,1866 371,1869 317,1870 307,1874 292,1874 258,1864 218,1867 206,1863 178,1861 168,1856"/>
        <Word id="region0002_line0039_word0000" custom="readingOrder {index:0;}">
          <Coords points="157,1865 157,1907 172,1907 197,1907 203,1904 227,1907 237,1907 237,1867 261,1865 244,1865 218,1867 212,1865"/>
          <TextEquiv conf="0.9151052">
            <Unicode>That</Unicode>
          </TextEquiv>
        </Word>
        <Word id="region0002_line0039_word0001" custom="readingOrder {index:1;}">
          <Coords points="270,1867 258,1864 237,1865 237,1908 246,1913 257,1910 270,1910"/>
          <TextEquiv conf="0.9307707">
            <Unicode>ſo</Unicode>
          </TextEquiv>
        </Word>
        <Word id="region0002_line0039_word0002" custom="readingOrder {index:2;}">
          <Coords points="400,1865 394,1868 378,1866 371,1869 317,1870 307,1874 292,1874 288,1872 288,1909 323,1909 325,1908 343,1908 344,1909 355,1909 364,1907 366,1909 496,1909 496,1870 462,1877 444,1869 426,1871 413,1865"/>
          <TextEquiv conf="0.9215422">
            <Unicode>unanſtaͤndig!</Unicode>
          </TextEquiv>
        </Word>
        <TextEquiv>
          <Unicode>That ſo unanſtaͤndig!</Unicode>
        </TextEquiv>
      </TextLine>
      <TextLine id="region0002_line0040" custom="readingOrder {index:39;}">
        <Coords points="203,1905 192,1911 183,1908 164,1911 164,1933 167,1937 176,1939 176,1950 182,1954 226,1956 239,1950 269,1947 309,1949 327,1957 341,1950 355,1950 360,1956 370,1960 396,1951 405,1951 411,1955 473,1952 486,1958 517,1960 554,1956 628,1959 635,1956 663,1965 673,1961 693,1962 704,1959 733,1967 743,1967 756,1962 831,1959 877,1970 907,1973 916,1973 923,1965 928,1964 998,1966 1005,1972 1025,1967 1031,1976 1048,1975 1055,1966 1060,1965 1093,1966 1093,1928 1016,1927 1009,1917 997,1918 992,1926 902,1923 889,1921 882,1915 870,1915 864,1921 841,1921 837,1918 813,1921 806,1915 795,1915 786,1922 715,1923 704,1914 617,1919 611,1912 600,1912 593,1919 555,1918 533,1914 465,1919 428,1911 371,1915 364,1908 347,1912 343,1909 325,1909 320,1912 257,1911 246,1914 236,1909"/>
        <Baseline points="176,1946 312,1941 881,1957 1093,1956"/>
        <Word id="region0002_line0040_word0000" custom="readingOrder {index:0;}">
          <Coords points="194,1912 194,1954 230,1954 239,1950 269,1947 278,1947 278,1912 253,1912 246,1914 242,1912"/>
          <TextEquiv conf="0.83661926">
            <Unicode>Jtem</Unicode>
          </TextEquiv>
        </Word>
        <Word id="region0002_line0040_word0001" custom="readingOrder {index:1;}">
          <Coords points="286,1922 315,1922 315,1946 286,1946"/>
          <TextEquiv conf="0.8308744">
            <Unicode>in</Unicode>
          </TextEquiv>
        </Word>
        <Word id="region0002_line0040_word0002" custom="readingOrder {index:2;}">
          <Coords points="324,1913 324,1956 325,1956 329,1956 341,1950 355,1950 360,1956 382,1956 396,1951 405,1951 411,1955 473,1952 482,1956 492,1956 492,1917 465,1919 437,1913 400,1913 371,1915 369,1913"/>
          <TextEquiv conf="0.92344016">
            <Unicode>folgenden:</Unicode>
          </TextEquiv>
        </Word>
        <Word id="region0002_line0040_word0003" custom="readingOrder {index:3;}">
          <Coords points="514,1918 543,1918 543,1950 514,1950"/>
          <TextEquiv conf="0.8059726">
            <Unicode>Je</Unicode>
          </TextEquiv>
        </Word>
        <Word id="region0002_line0040_word0004" custom="readingOrder {index:4;}">
          <Coords points="596,1916 593,1919 555,1918 553,1917 553,1950 632,1950 632,1918 617,1919 614,1916"/>
          <TextEquiv conf="0.8059726">
            <Unicode>crois,</Unicode>
          </TextEquiv>
        </Word>
        <Word id="region0002_line0040_word0005" custom="readingOrder {index:5;}">
          <Coords points="686,1915 656,1916 656,1954 726,1954 726,1922 715,1923 705,1915"/>
          <TextEquiv conf="0.9278708">
            <Unicode>(dis,</Unicode>
          </TextEquiv>
        </Word>
        <Word id="region0002_line0040_word0006" custom="readingOrder {index:6;}">
          <Coords points="795,1915 786,1922 733,1922 733,1954 813,1954 813,1921 806,1915"/>
          <TextEquiv conf="0.9243196">
            <Unicode>penſe</Unicode>
          </TextEquiv>
        </Word>
        <Word id="region0002_line0040_word0007" custom="readingOrder {index:7;}">
          <Coords points="820,1952 886,1952 886,1918 882,1915 870,1915 864,1921 841,1921 837,1918 820,1920"/>
          <TextEquiv conf="0.6996668">
            <Unicode>&amp;c.)</Unicode>
          </TextEquiv>
        </Word>
        <Word id="region0002_line0040_word0008" custom="readingOrder {index:8;}">
          <Coords points="895,1923 895,1954 950,1954 950,1924 902,1923"/>
          <TextEquiv conf="0.95764595">
            <Unicode>que</Unicode>
          </TextEquiv>
        </Word>
        <Word id="region0002_line0040_word0009" custom="readingOrder {index:9;}">
          <Coords points="960,1951 1018,1951 1018,1927 1016,1927 1009,1917 997,1918 992,1926 960,1924"/>
          <TextEquiv conf="0.94328195">
            <Unicode>oui,</Unicode>
          </TextEquiv>
        </Word>
        <Word id="region0002_line0040_word0010" custom="readingOrder {index:10;}">
          <Coords points="1026,1955 1086,1955 1086,1927 1026,1927"/>
          <TextEquiv conf="0.95469725">
            <Unicode>que</Unicode>
          </TextEquiv>
        </Word>
        <TextEquiv>
          <Unicode>Jtem in folgenden: Je crois, (dis, penſe &amp;c.) que oui, que</Unicode>
        </TextEquiv>
      </TextLine>
      <TextLine id="region0002_line0041" custom="readingOrder {index:40;}">
        <Coords points="265,1948 239,1951 226,1957 186,1956 170,1950 147,1950 147,1991 190,1993 194,1996 210,1994 225,2004 241,2006 336,2006 361,2000 405,1999 432,2007 486,2009 490,2012 539,2008 553,2004 646,2004 654,2000 677,2002 689,2009 707,2007 721,2013 733,2009 802,2010 806,2007 820,2010 919,2009 924,2004 924,1981 919,1976 880,1975 874,1969 837,1964 831,1960 820,1960 814,1964 769,1964 733,1968 704,1960 693,1963 673,1962 663,1966 635,1957 628,1960 554,1957 517,1961 486,1959 473,1953 411,1956 405,1952 396,1952 370,1961 360,1957 355,1951 341,1951 327,1958 309,1950"/>
        <Word id="region0002_line0041_word0000" custom="readingOrder {index:0;}">
          <Coords points="235,1995 235,1967 157,1967 157,1991 190,1993 192,1995 202,1995 210,1994 211,1995"/>
          <TextEquiv>
            <Unicode>non,</Unicode>
          </TextEquiv>
        </Word>
        <Word id="region0002_line0041_word0001" custom="readingOrder {index:1;}">
          <Coords points="255,1958 315,1958 315,2002 255,2002"/>
          <TextEquiv conf="0.9163782">
            <Unicode>Jch</Unicode>
          </TextEquiv>
        </Word>
        <Word id="region0002_line0041_word0002" custom="readingOrder {index:2;}">
          <Coords points="323,1959 323,2002 352,2002 361,2000 405,1999 415,2002 452,2002 452,1959 375,1959 370,1961 365,1959"/>
          <TextEquiv conf="0.911134">
            <Unicode>glaube</Unicode>
          </TextEquiv>
        </Word>
        <Word id="region0002_line0041_word0003" custom="readingOrder {index:3;}">
          <Coords points="461,1959 461,2004 542,2004 542,1959 535,1959 517,1961 486,1959"/>
          <TextEquiv conf="0.911134">
            <Unicode>(ſage,</Unicode>
          </TextEquiv>
        </Word>
        <Word id="region0002_line0041_word0004" custom="readingOrder {index:4;}">
          <Coords points="555,1961 555,1997 651,1997 651,1962 647,1961"/>
          <TextEquiv conf="0.7886241">
            <Unicode>dencke</Unicode>
          </TextEquiv>
        </Word>
        <Word id="word_1658480082679_3744" custom="readingOrder {index:5;}">
          <Coords points="660,1969 696,1962 697,1962 712,1962 712,1999 696,1999 660,1993"/>
          <TextEquiv>
            <Unicode>ꝛc.)</Unicode>
          </TextEquiv>
        </Word>
        <Word id="region0002_line0041_word0007" custom="readingOrder {index:6;}">
          <Coords points="720,1967 720,2001 762,2001 762,1967 742,1967 733,1968 729,1967"/>
          <TextEquiv conf="0.50012416">
            <Unicode>ja,</Unicode>
          </TextEquiv>
        </Word>
        <Word id="region0002_line0041_word0008" custom="readingOrder {index:7;}">
          <Coords points="820,1960 814,1964 784,1964 784,1996 861,1996 861,1967 837,1964 831,1960"/>
          <TextEquiv conf="0.8608143">
            <Unicode>nein.</Unicode>
          </TextEquiv>
        </Word>
        <TextEquiv>
          <Unicode>non, Jch glaube (ſage, dencke ꝛc.) ja, nein.</Unicode>
        </TextEquiv>
      </TextLine>
      <TextEquiv>
        <Unicode>NB. Dergleichen Redens⸗Arten werden nur einzig und&#13;
allein in familier-diſcurſen gebraucht.&#13;
(30) Wird que im frantzoͤſiſchen gebraucht da es im teut⸗&#13;
ſchen gar nicht exprimiret wird/ und heiſſet ſo viel als:&#13;
Nehmlich/ dieſes geſchiehet in folgenden Faͤlleu: (1) Wenn&#13;
nach bem verbo c'eſt, Es iſt, der Nominativus, oder ein Ge-&#13;
rundium ſtehet, ſo wird vor dieſelben que geſetzet, als:&#13;
C’ eſt un fort ſavant homme, que Monſ. N. Herr N. iſt ein&#13;
ſehr gelehrter Mann.&#13;
Ce ſera un miracle que de vous voir une fois chez moi, Es&#13;
wird ein Wunder ſeyn/ wenn man euch einmahl bey mir&#13;
ſiehet.&#13;
Sont ce des hommes que de jeunes blondins? Sind denn&#13;
junge blonde Puͤrſchgen auch Leute?&#13;
Eſt ce avoir le ſens commun que de croire cela? Hat 'man&#13;
wohl Sinn und Verſtand/ wenn man dieſes glaubet?&#13;
Ce n'eſt pas aſſez que Ie grand zele dans un Miniſtre, que&#13;
la valeur dans un Capitaine; que la ſeience dans un homme&#13;
de letres, ſi tout cela n'eſt accompagné de la maniere.&#13;
NB. Manche Autores laſſen zuweilen das que in dieſem&#13;
Fall aus, welches man ihnen nicht nachthun ſoll/ als:&#13;
Il crût, que ce ſeroit une folie d' atendre à les ataquer &amp;c;&#13;
an ſtatt: que d' atendre. Ablanc. Ce n'eſt pas une petite affai-&#13;
re de copier ces excellens originaux, an ſtatt: que de copier.&#13;
Bouh.&#13;
(2) Wird vor das Gerundium que geſetzt, wenn ein ad-&#13;
jectivum vorhergehet, vor welchen ſi, ſo, ſtehet, als:&#13;
Je ne ſerai pas ſi heureux que de joüir de cet honneur, Jch&#13;
werde nicht ſo gluͤckllch ſeyn, dieſer Ehre zu genieſſen.&#13;
Si j'étois ſi capable que de vous rendre d'agréables ſervices,&#13;
Wenn ich ſo capable waͤre, euch angenehme Dienſte zuer⸗&#13;
weiſen.&#13;
(2) Jn folgenden und dergleichen Redens⸗Arten: L’ ai-&#13;
mable homme que Leandre! Wie iſt doch Leander ſo ein lie⸗&#13;
bens,wuͤrdiger Menſch!&#13;
Le grand homme que Ceſar! Wie iſt doch Cæſar ſo ein&#13;
groſſer Held!&#13;
L'indigne action que la ſienne! Wie iſt doch dieſe ſeine&#13;
That ſo unanſtaͤndig!&#13;
Jtem in folgenden: Je crois, (dis, penſe &amp;c.) que oui, que&#13;
non, Jch glaube (ſage, dencke ꝛc.) ja, nein.</Unicode>
      </TextEquiv>
    </TextRegion>
  </Page>
</PcGts>
