2389 2812
652 384 724 450 98

851 381 976 447 Das
976 381 1099 447 achte
1099 381 1365 447 Hauptſtuͤck
1365 381 1461 447 von
1461 381 1869 447 Schiedesrichtern.

659 480 947 536 Rechtsmittel,
963 484 1007 525 es
1022 484 1116 535 habe
1131 483 1307 537 Nahmen
1331 485 1399 528 wie
1414 489 1456 529 es
1461 485 1602 539 wolle,
1631 486 1701 530 wie
1713 486 1768 530 ein
1783 489 1882 539 jedes
1899 493 2054 535 anderes

657 530 953 595 rechtskraͤftiges
977 533 1117 589 Urtheil
1153 536 1316 597 erfuͤllet,
1349 530 1432 589 und
1456 530 1543 594 nur,
1560 532 1757 596 diejenigen
1791 545 2055 599 Rechtsmittel

658 588 769 646 wider
783 582 890 636 einen
921 583 1306 659 ſchiedesrichterlichen
1342 584 1533 655 Ausſpruch
1556 593 1766 659 zugelaſſen
1778 591 1941 652 werden,
1975 606 2055 645 wel⸗

656 648 714 703 che
742 639 833 705 auch
857 652 971 699 wider
994 648 1049 696 ein
1072 653 1370 710 rechtskraftiges
1399 647 1550 709 Urtheil
1579 652 1683 704 Statt
1706 657 1843 710 finden.
1906 657 2055 710 Wuͤrde

623 710 733 749 dem
754 696 1143 761 ſchiedesrichterlichen
1187 698 1396 767 Ausſpruche
1423 706 1528 768 nicht
1544 702 1803 764 nachgelebet;
1831 713 1875 767 ſo
1888 712 1976 772 ſoll
1994 717 2052 768 bey

652 767 718 807 des
732 761 1057 817 Widerſpenſtigen
1096 759 1336 824 ordentlichen
1361 754 1505 824 Richter
1535 759 1606 820 auf
1633 774 1699 813 den
1728 770 2051 825 ſchiedesrichterli⸗

652 820 734 872 chen
748 812 961 875 Ausſpruch
979 820 1090 873 ſofort
1113 816 1170 867 die
1189 814 1390 877 Execution
1413 815 1583 878 erkannt,
1617 816 1870 878 keinesweges
1882 829 1968 872 aber
1992 833 2048 875 die

652 866 793 927 Sache
800 883 872 917 von
889 884 1024 918 neuem
1040 877 1077 919 in
1098 867 1375 930 Unterſuchung
1388 886 1539 930 gezogen
1561 884 1716 926 werden.
1763 880 1935 933 Daferne
1953 884 2048 935 nicht

652 926 752 985 ſchon
770 933 819 974 im
829 932 1071 985 Compromiß
1086 936 1163 977 eine
1179 926 1559 991 Conventionalſtrafe
1567 936 1640 989 auf
1652 937 1739 991 dieſe
1752 928 2047 994 Widerſpenſtig⸗

649 991 717 1036 keit
734 991 927 1042 beſtimmet
941 993 1001 1044 iſt;
1035 994 1069 1045 ſo
1093 992 1154 1046 ſoll
1186 999 1251 1048 der
1268 985 1423 1049 Richter
1444 1000 1511 1046 den
1541 995 1866 1050 Widerſpenſtigen
1900 999 1937 1041 in
1950 999 2046 1047 eine

647 1040 856 1098 Geldſtrafe
872 1039 945 1090 von
963 1057 983 1101 5
999 1069 1012 1079 -
1032 1042 1143 1092 100.
1161 1040 1297 1102 Rthlr.
1316 1041 1532 1102 vertheilen;
1558 1048 1832 1105 widrigenfalls
1855 1043 1940 1099 aber
1963 1060 2045 1100 den⸗

647 1096 759 1152 ſelben
791 1092 1080 1153 ſchlechterdings
1108 1100 1144 1142 in
1169 1101 1224 1143 die
1242 1091 1628 1154 Conventionalſtrafe
1657 1104 1931 1158 condemniren,
1967 1111 2044 1149 und

647 1159 759 1202 neben
775 1159 944 1211 derſelben
966 1165 1032 1206 den
1049 1148 1505 1216 Widerſpenſtigen
1403 1150 1516 1220 durch
1525 1162 1727 1216 Execution
1738 1172 1802 1219 zur
1821 1161 2042 1220 Befolgung

648 1207 721 1268 des
737 1204 1135 1275 ſchiedesrichterlichen
1157 1203 1409 1277 Ausſpruches
1422 1218 1665 1272 anhalten.

1255 1312 1298 1369 §.
1370 1315 1420 1365 V.

1009 1402 1108 1446 Wie
1129 1403 1187 1444 ein
1208 1401 1460 1463 Compromiß
1482 1401 1726 1454 aufhoͤre?

772 1468 832 1516 Es
846 1468 949 1525 hoͤret
967 1473 1038 1514 das
1054 1455 1327 1520 Compromiß
1326 1455 1408 1538 I)
1415 1469 1531 1537 durch
1546 1477 1621 1517 den
1642 1475 1725 1521 Tod
1750 1478 1816 1520 des
1838 1476 2037 1532 Schiedes⸗

642 1529 792 1584 richters
817 1530 903 1583 auf,
932 1531 1093 1583 woferne
1110 1536 1194 1577 nicht
1222 1535 1304 1579 auf
1269 1546 1371 1595 den
1386 1530 1625 1588 ordentlichen
1641 1538 1792 1597 Richter
1810 1540 2039 1593 compromit⸗

641 1587 736 1636 tiret
736 1587 925 1637 worden.
964 1581 1032 1646 2)
1063 1586 1177 1642 Sind
1177 1586 1353 1647 mehrere
1353 1587 1671 1650 Schiedesrichter
1686 1588 1870 1646 ernannt,
1901 1597 1970 1652 und
1993 1602 2036 1642 es

640 1635 821 1697 verſtuͤrbe
841 1644 922 1691 nur
932 1645 1029 1690 einer
1061 1644 1163 1693 oder
1163 1644 1306 1703 einige,
1335 1640 1393 1702 ſo
1399 1650 1509 1696 kann
1536 1640 1704 1703 ehender
1726 1650 1846 1706 nichts
1878 1648 2036 1706 guͤltiger

640 1698 769 1750 Weiſe
800 1702 1065 1758 vorgenommen
1101 1704 1281 1757 werden,
1302 1697 1382 1749 bis
1394 1704 1468 1750 die
1485 1700 1717 1761 Partheyen
1752 1708 1948 1751 andere
1900 1710 1941 1766 in
1978 1711 2034 1753 die

638 1755 775 1802 Stelle
785 1762 858 1800 der
887 1757 1157 1810 Verſtorbenen
1196 1749 1357 1805 ernannt
1381 1752 1520 1811 haben,
1540 1754 1721 1813 woferne
1739 1765 1794 1806 die
1818 1759 2035 1822 Partheyen

638 1807 747 1857 nicht
753 1812 871 1850 denen
884 1808 1044 1863 uͤbrigen
1059 1806 1119 1863 die
1159 1804 1263 1868 Sache
1290 1800 1528 1866 uͤberlaſſen.
1530 1806 1781 1870 Dahingegen
1834 1818 1881 1866 3)
1897 1813 2035 1869 muͤſſen

638 1867 695 1910 die
703 1867 905 1911 declarirte
914 1869 1043 1914 Erben
1056 1856 1163 1920 derer
1189 1857 1410 1930 Partheyen,
1419 1862 1749 1932 ſchlechterdings
1756 1873 1834 1920 das
1851 1869 2034 1931 Compro⸗

639 1924 718 1978 miß
735 1918 826 1979 ihrer
832 1925 1036 1982 Erblaſſer
1036 1926 1231 1983 befolgen,
1245 1922 1318 1977 es
1318 1924 1405 1983 mag
1426 1930 1483 1975 im
1498 1929 1750 1986 Compromiß
1776 1934 1830 1978 die
1854 1931 2032 1979 clauſula

636 1978 841 2024 heredum
857 1976 1489 2038 ausgedruckt
1120 1978 1245 2039 ſeyn
1253 1974 1355 2033 oder
1373 1976 1511 2038 nicht.
1531 1981 1623 2043 4)
1634 1980 1782 2042 Sobald
1806 1987 1907 2035 einer
1928 1986 2077 2037 derer

636 2037 1011 2088 Compromittenten
1030 2040 1204 2085 Concurs
1235 2030 1393 2096 machet,
1428 2043 1535 2098 hoͤret
1572 2048 1642 2090 das
1648 2044 1924 2102 Compromiß
1945 2040 2028 2096 von

635 2095 738 2146 ſelbſt
745 2095 865 2146 auf.
891 2095 976 2150 5)
983 2089 1133 2147 Koͤnnen
1153 2090 1217 2143 die
1218 2097 1443 2154 Partheyen
1459 2092 1567 2157 durch
1588 2097 1839 2157 beyderſeitige
1850 2103 2030 2151 Einwilli⸗

636 2152 730 2198 gung
752 2142 850 2197 das
863 2140 1088 2206 Compromiß
1094 2140 1317 2206 aufheben,
1331 2149 1649 2213 ausgenommen,
1679 2152 1798 2211 wenn
1798 2153 1855 2218 ſie
1877 2153 1934 2218 auf
1959 2156 2026 2217 den

635 2195 876 2265 ordentlichen
906 2196 1046 2272 Richter
1066 2195 1367 2268 compromittiret
1391 2197 1526 2269 haben.
1539 2204 1607 2278 a)

1884 2308 1948 2350 a)
1948 2308 2036 2350 Von
