1642 2568
1100 2138 1242 2188 Wegen

751 332 799 370 13

306 416 522 466 Aufklärung
539 418 654 458 anſtatt
680 431 722 458 zu
740 421 930 460 erleuchten
951 425 983 460 in
1003 422 1110 461 Brand
1127 436 1169 459 zu
1187 427 1247 461 ſte-

305 479 394 518 cken
412 477 507 517 euch
507 478 676 519 bemühet
708 502 753 512 ---
788 484 823 519 ſo
843 484 926 520 habe
954 484 1007 521 ich
1026 483 1139 526 mich,
1173 483 1245 531 ſage

307 545 381 589 ich,
417 546 562 584 erfrecht
584 548 678 584 einen
699 547 845 596 Umweg
876 560 943 584 von
969 552 1099 600 einigen
1117 552 1245 590 Meilen

306 617 348 643 zu
373 608 535 652 machen,
569 609 636 649 und
663 611 741 655 drey
767 622 868 659 ganze
895 613 988 662 Tage
1013 626 1080 651 von
1098 615 1246 666 Morgen

305 670 356 706 bis
374 669 496 707 Abend
512 672 575 715 bey
594 671 714 707 dieſem
738 672 832 713 nicht
845 673 994 722 gänzlich
1016 677 1077 711 mit
1093 675 1245 714 Unrecht

302 732 528 770 verſchrienen
543 733 735 776 Menſchen
745 735 980 784 zuzubringen,
1006 737 1074 772 und
1092 740 1147 774 nie
1161 740 1245 777 wird

301 795 392 834 mich
422 795 549 836 ſolches
575 806 742 847 gereuen;
784 798 872 836 denn
899 803 945 836 ob
973 801 1027 836 ich
1051 801 1161 849 gleich
1190 804 1243 840 die

302 859 589 911 Freymüthigkeit
606 862 708 906 hatte,
726 863 791 909 bey
806 863 896 900 einer
912 865 1063 914 gewiſſen
1075 861 1263 917 Gelegen-

300 927 370 964 heit
387 929 456 964 ihm
476 929 570 966 ſelbſt
584 931 618 967 in
637 929 690 966 die
707 927 828 976 Augen
844 940 887 965 zu
906 929 1021 981 ſagen:
1055 932 1111 970 ich
1127 935 1242 972 ſtünde

297 987 362 1025 auf
373 988 436 1026 den
453 989 572 1028 Punkt.
587 991 644 1028 ihn
671 992 729 1029 für
746 991 809 1028 den
827 991 957 1041 gröſten
975 993 1241 1043 Marktſchreyer

298 1061 349 1087 zu
358 1049 479 1097 halten,
506 1051 543 1090 ſo
559 1052 662 1090 beſaſs
671 1065 708 1098 er
721 1055 810 1097 doch
819 1055 900 1097 ſehr
915 1057 1000 1096 viele
1010 1058 1239 1098 Wiſſenſchaf-

298 1117 374 1147 ten,
400 1106 592 1155 vorzüglich
610 1106 719 1150 Welt-
737 1108 805 1144 und
822 1111 941 1144 andere
964 1110 1154 1150 Kenntniſſe
1170 1128 1239 1155 von

297 1179 405 1219 vielen
423 1181 539 1219 Höfen
555 1180 623 1220 und
640 1180 814 1228 Ländern,
848 1185 917 1221 und
943 1184 1028 1222 ſeine
1047 1186 1237 1235 Geſpräche

297 1253 407 1278 waren
431 1244 467 1279 ſo
491 1245 731 1288 unterhaltent,
774 1246 843 1284 daſs
868 1249 923 1284 ich
948 1247 1032 1287 dieſe
1050 1249 1128 1295 drey
1144 1249 1238 1298 Tage

296 1300 414 1341 höchſt
428 1302 632 1349 angenehm
651 1305 709 1339 und
723 1305 904 1352 lehrreich
931 1307 1108 1344 durchlebt
1127 1309 1236 1349 habe;

293 1361 338 1409 Ja
348 1360 401 1399 ich
418 1363 538 1413 glaube
555 1365 639 1403 viele
657 1366 979 1409 Pſeudo-Aufklärer
992 1368 1128 1406 werden
1144 1371 1234 1408 mich

294 1422 402 1483 dieſes
404 1428 564 1478 gehabten
575 1425 740 1485 Umgangs
758 1426 872 1481 halber
879 1432 1052 1480 beneiden,
1071 1435 1233 1475 nachdem

295 1492 342 1533 ſie,
356 1492 530 1534 hierdurch
547 1493 785 1538 erfahren
729 1490 802 1542 daſs
803 1496 856 1539 St.
874 1497 1049 1540 Germain
1062 1499 1158 1537 nicht
1173 1510 1237 1537 nur

292 1554 400 1592 nichts
430 1550 566 1607 weniger
589 1555 671 1599 als,
687 1552 796 1609 ihrer,
815 1559 867 1597 Art
894 1560 960 1596 ſich
986 1561 1233 1603 auszudrücken

291 1617 437 1663 gemäſs,
454 1620 533 1662 ein
543 1619 771 1664 Schwärmer,
807 1621 944 1662 ſondern
972 1622 1031 1662 der
1045 1622 1234 1668 erklärteſte

292 1667 421 1715 Atheiſt
446 1676 546 1718 war,
546 1677 652 1719 den
652 1678 728 1720 ich
740 1678 776 1726 je
791 1677 935 1728 gekannt
955 1679 1059 1725 habe,
1078 1681 1123 1719 ſo
1140 1683 1233 1728 wohl

292 1744 327 1779 in
345 1741 502 1782 Betracht
521 1742 585 1782 der
604 1743 733 1786 Sachen
743 1746 815 1787 als
823 1744 889 1787 des
899 1746 1132 1792 hinreiſſenden
1147 1749 1233 1787 Stils

292 1804 398 1855 völlig
405 1805 490 1846 dem
505 1805 660 1856 Système
669 1807 727 1849 de
737 1809 787 1849 la
787 1809 943 1850 Nature
962 1808 1099 1865 gemäſs
1111 1809 1233 1858 ſprach,

294 1871 348 1907 die
362 1872 649 1916 Unſterblichkeit
672 1871 730 1912 der
741 1873 844 1917 Seele
844 1874 930 1918 und
954 1876 1033 1915 alles
1051 1877 1234 1919 Geiſtiſche

292 1932 461 1983 leugnete,
485 1935 628 1986 folglich
641 1936 710 1980 ſich
727 1938 826 1982 auch,
835 1941 916 1979 wie
916 1942 958 1980 in
982 1940 1045 1988 der
1045 1941 1233 1990 angeführ-

294 1997 350 2028 ten
367 1988 477 2032 Stelle
477 1991 661 2034 fälſchlich
680 1991 873 2038 bebautptet
895 1999 1010 2035 wird,
1010 1999 1151 2037 keiner
1159 2010 1234 2037 ma-

295 2057 435 2115 giſchen
435 2058 693 2117 Zauberworte
693 2060 864 2118 bedienen
880 2064 1076 2107 konnte.
