1770 2508
520 361 604 395 thèſe.
648 363 719 394 Sans
729 359 814 394 étude
822 359 854 392 ni
862 358 1057 400 préparation,
1074 370 1145 392 vous
1162 360 1231 391 allez
1245 369 1320 391 nous
1335 360 1403 392 faire
1415 361 1500 391 ſentir
1511 371 1553 391 un
1563 363 1610 390 des

518 405 582 446 plus
592 408 683 438 beaux
699 406 819 446 traits;de
829 408 854 439 la
864 406 1000 439 libéralité
1010 407 1043 439 de
1051 406 1126 439 Dieu
1142 408 1237 442 envers
1241 413 1396 443 l'homme,
1402 415 1438 437 en
1447 408 1610 444 répondant

519 453 536 485 à
546 464 604 486 une
619 453 758 493 queſtion.
802 454 832 487 Si
847 464 886 484 on
904 452 983 485 alloit
998 452 1066 485 dans
1077 454 1114 485 les
1129 453 1192 484 bois
1201 451 1337 486 chercher
1346 452 1475 494 quantité
1484 452 1519 484 de
1528 451 1613 495 petits

518 490 702 530 louveteaux,
718 500 778 524 une
786 490 917 524 centaine
932 492 969 524 de
982 491 1044 523 fans
1052 493 1087 523 de
1097 494 1211 530 bîches,
1217 500 1244 522 et
1251 500 1350 522 autant
1358 494 1393 522 de
1402 494 1569 526 lionceaux,
1577 501 1613 520 ne

520 537 719 582 pourroit - on
734 549 782 578 pas
796 539 834 569 les
850 539 955 575 élever,
973 538 1012 569 les
1027 537 1195 579 aprivoiſer,
1210 539 1275 580 puis
1294 538 1333 568 les
1347 545 1477 578 partager
1493 548 1531 568 en
1544 539 1614 567 trois

520 582 628 614 bandes
636 582 714 615 ſelon
728 582 791 614 leur
803 579 909 621 eſpéce,
926 590 955 614 et
969 581 1006 612 les
1010 580 1137 624 nourrir
1143 582 1214 612 dans
1229 591 1284 612 nos
1296 589 1482 620 campagnes,
1498 589 1612 611 comme

521 637 561 660 on
576 629 690 662 nourrit
707 629 746 660 les
758 629 854 662 brebis
869 636 897 661 et
909 629 948 662 les
964 628 1083 662 vaches?
1108 631 1149 661 Le
1159 628 1239 663 Chev.
1248 628 1323 662 C'eſt
1334 639 1392 659 une
1400 626 1481 663 choſe
1490 626 1614 668 impoſſi-

520 668 577 702 ble.
620 670 654 710 Je
669 664 720 700 ſais
738 666 827 707 qu'on
845 666 978 707 pourroit
992 666 1031 697 les
1048 667 1135 699 élever
1150 677 1177 698 et
1189 669 1227 698 les
1241 668 1392 710 aprivoiſer
1406 670 1529 706 quelque
1545 676 1613 704 peu.

519 713 595 745 Mais
604 721 646 744 ces
657 709 792 744 animaux
800 708 865 742 ſont
873 712 1004 749 toujours
1015 709 1085 743 d'un
1095 713 1205 743 naturel
1214 713 1317 747 féroce,
1326 712 1445 749 ſauvage,
1471 720 1498 738 et
1508 714 1613 742 traître.

520 752 628 795 Jamais
643 763 682 786 on
698 761 734 784 ne
748 754 880 795 pourroit
890 755 928 787 les
942 753 1089 788 conſerver
1097 753 1274 792 long-tems;
1284 757 1380 784 moins
1390 763 1493 783 encore
1508 758 1547 784 les
1557 764 1613 782 me-

521 811 573 832 ner
583 810 629 839 par
635 808 802 840 troupeaux.
826 803 914 836 Nous
926 810 1014 832 avons
1031 812 1066 833 eu
1080 799 1148 833 chez
1159 810 1233 833 nous
1249 800 1324 833 deux
1332 802 1500 832 louveteaux
1510 800 1560 840 qui
1567 808 1614 838 pa-

521 841 670 875 roiſſoient
680 842 781 877 d'aſlez
788 843 888 875 bonne
898 840 1010 874 amitié:
1022 841 1093 873 mais
1102 852 1141 875 on
1156 841 1234 884 y;fut
1242 842 1309 872 bien
1317 842 1383 882 pris.
1407 843 1461 873 Les
1471 843 1563 874 drôles
1572 851 1616 871 un

520 882 595 915 beau
608 882 699 916 matin
712 882 822 926 prirent
836 885 959 922 querelle
975 892 1041 914 avec
1049 892 1092 913 un
1107 885 1213 926 chien,
1205 887 1240 923 le
1247 885 1354 915 mirent
1362 891 1396 910 en
1405 886 1515 929 pièces,
1525 888 1615 912 étran-

522 928 635 968 glèrent
643 929 712 963 trois
721 928 892 964 chévreaux,
900 935 927 957 et
936 932 1096 968 gagnerent
1096 930 1141 968 les
1149 930 1223 962 bois.
1268 930 1308 960 Le
1319 930 1430 961 Prieur.
1447 930 1529 961 Vous
1537 930 1616 961 aviez

521 983 573 1006 cru
586 973 697 1014 juſqu'à
710 972 823 1015 préſent
840 983 896 1012 que
910 982 981 1005 cette
993 972 1120 1006 réunion
1135 974 1204 1006 d'un
1215 973 1306 1014 grand
1315 979 1456 1013 troupeau
1464 974 1499 1003 de
1506 973 1614 1010 vaches,

523 1015 558 1047 de
565 1016 696 1053 chévres,
711 1025 750 1045 ou
767 1015 801 1047 de
816 1015 933 1058 brebis,
942 1016 1008 1046 ſous
1021 1017 1047 1046 la
1062 1018 1199 1047 conduite
1215 1019 1287 1046 d'un
1297 1017 1356 1044 ſeul
1370 1019 1493 1057 berger,
1504 1024 1531 1045 et
1546 1018 1613 1044 ſous

520 1058 548 1089 la
564 1068 649 1100 verge
664 1057 734 1089 d'un
747 1057 821 1098 petit
835 1057 955 1094 enfant,
978 1059 1051 1090 étoit
1063 1059 1092 1089 le
1106 1060 1177 1090 fruit
1190 1060 1225 1089 de
1238 1060 1399 1091 l'induſtrie
1414 1065 1466 1088 des
1472 1062 1615 1089 hommes.

522 1101 619 1144 Qu'en
635 1101 821 1144 penſez-vous
835 1102 850 1133 à
867 1102 979 1141 préſent
997 1111 1053 1140 que
1068 1111 1139 1132 vous
1156 1112 1179 1141 y
1191 1101 1271 1132 faites
1283 1101 1434 1134 atention?
1478 1102 1517 1133 Le
1534 1104 1616 1134 Chev.

521 1144 556 1186 Je
569 1142 629 1175 vois
644 1144 712 1177 bien
727 1153 782 1184 que
799 1150 868 1175 cette
884 1143 1008 1177 réunion
1019 1144 1058 1175 eſt
1072 1143 1218 1183 l'ouvrage
1234 1144 1268 1175 de
1277 1143 1353 1176 Dieu
1364 1142 1444 1180 ſeul,
1465 1150 1492 1172 et
1507 1153 1549 1175 un
1566 1148 1616 1175 des

521 1177 587 1227 plus
601 1184 696 1217 beaux
703 1183 818 1228 préſens
827 1182 896 1227 qu'il
907 1196 983 1216 nous
989 1183 1028 1219 ait
1035 1183 1108 1218 faits.
1152 1185 1193 1216 Le
1200 1186 1311 1218 Prieur.
1322 1186 1429 1227 Quand
1436 1195 1474 1212 on
1484 1192 1616 1224 pourroit

521 1229 673 1272 aprivoiſer
686 1233 725 1264 les
739 1229 814 1265 lions
830 1238 858 1264 et
867 1230 905 1262 les
917 1239 998 1267 ours,
1013 1228 1112 1268 jamais
1126 1239 1167 1262 on
1181 1238 1218 1262 ne
1225 1229 1419 1272 parviendroit
1434 1233 1465 1261 ni
1475 1237 1490 1262 à
1499 1236 1537 1263 les
1545 1235 1616 1263 faire

521 1274 669 1312 labourer,
689 1273 721 1307 ni
735 1273 749 1306 à
763 1282 860 1317 porter
875 1273 925 1306 des
939 1274 1085 1307 fardeaux.
1128 1277 1162 1317 Je
1177 1284 1251 1307 veux
1262 1277 1330 1307 bien
1340 1285 1442 1304 encore
1451 1281 1542 1313 qu'on
1550 1280 1587 1305 les
1596 1286 1616 1315 y

520 1319 611 1362 puiſſe
626 1330 755 1355 amener;
771 1319 842 1354 mais
854 1319 881 1351 ſe
889 1319 1064 1354 réduiront - ils
1064 1319 1099 1353 réduiront - ils
1108 1320 1206 1362 jamais
1215 1322 1230 1354 à
1241 1322 1349 1353 l’herbe
1357 1322 1404 1350 des
1414 1322 1530 1360 champs
1538 1330 1615 1358 pour

521 1372 604 1398 toute
613 1364 799 1400 nourriture?
819 1363 1007 1400 L'éducation
1018 1376 1054 1396 ne
1063 1365 1173 1408 change
1180 1366 1264 1404 point
1273 1367 1297 1395 la
1307 1373 1407 1397 nature
1417 1367 1526 1397 même;
1539 1374 1566 1396 et
1573 1368 1615 1399 s'il

519 1406 612 1440 falloit
623 1407 662 1439 les
675 1405 792 1440 nourrir
807 1406 885 1438 ſelon
898 1408 974 1438 leurs
982 1408 1183 1443 inclinations,
1197 1409 1326 1439 libertins
1334 1415 1361 1435 et
1376 1411 1530 1437 carnaciers
1540 1419 1616 1436 com-

521 1461 569 1484 me
583 1451 616 1485 ils
632 1451 713 1491 ſont,
728 1451 763 1485 ils
778 1451 958 1486 ruineroient
965 1451 1077 1485 bientôt
1085 1453 1146 1484 leur
1152 1453 1275 1496 maître,
1284 1460 1322 1484 au
1335 1454 1393 1481 lieu
1403 1455 1438 1483 de
1452 1453 1476 1481 le
1484 1455 1614 1491 ſoulager

522 1490 595 1524 dans
602 1491 654 1525 ſon
664 1492 768 1527 travail.
812 1494 895 1526 Tout
903 1501 939 1525 au
947 1496 1087 1523 contraire
1093 1496 1119 1522 la
1133 1498 1259 1531 pluspart
1276 1497 1324 1523 des
1332 1497 1472 1523 animaux
1482 1498 1615 1525 domeſti-

521 1545 593 1582 ques
605 1536 761 1578 dépenſent
766 1547 825 1581 peu
840 1546 869 1568 et
877 1538 1033 1570 travaillent
1040 1539 1199 1577 beaucoup.
1243 1541 1281 1570 Ils
1292 1539 1400 1570 aiment
1407 1541 1506 1569 mieux
1514 1543 1539 1568 la
1547 1544 1614 1570 mai-

522 1581 576 1613 ſon
589 1581 624 1615 de
638 1582 775 1614 l’homme
790 1589 846 1622 que
860 1581 923 1612 leur
931 1590 1037 1622 propre
1045 1581 1153 1615 liberté.
1198 1582 1235 1614 Ils
1244 1582 1309 1613 ſont
1322 1583 1414 1622 pleins
1428 1584 1463 1613 de
1478 1586 1571 1616 force,
1588 1593 1615 1612 et

524 1634 562 1656 ne
575 1625 635 1657 s’en
648 1623 760 1658 ſervent
768 1633 824 1665 que
836 1633 912 1665 pour
924 1624 975 1655 lui.
1007 1624 1045 1656 Ils
1053 1624 1095 1656 lui
1110 1626 1252 1659 obéïſſent
1258 1633 1374 1657 comme
1372 1629 1386 1667 à
1400 1629 1461 1656 leur
1470 1630 1615 1662 ſeigneur.

521 1668 561 1702 Le
574 1666 699 1709 prémier
706 1667 789 1707 ordre
795 1666 864 1709 qu'il
874 1668 935 1701 leur
943 1668 1040 1701 donne
1049 1668 1087 1699 eſt
1093 1668 1163 1702 ſuivi
1173 1670 1208 1700 de
1217 1671 1243 1698 la
1256 1672 1320 1707 plus
1334 1677 1468 1707 prompte
1478 1674 1615 1700 obéïſſan-

523 1722 563 1746 ce.
588 1713 687 1757 Quelle
695 1710 878 1753 récompenſe
886 1712 1031 1756 atendent.
1037 1712 1088 1758 ils
1095 1713 1130 1746 de
1139 1715 1200 1746 leur
1208 1714 1331 1745 ſervice?
1348 1715 1399 1744 Un
1413 1722 1473 1752 peu
1481 1715 1613 1753 d'herbe,

523 1756 616 1791 même
626 1756 651 1789 la
660 1757 724 1800 plus
732 1753 826 1791 féche,
839 1765 879 1787 ou
894 1756 919 1788 le
934 1755 1067 1789 moindre
1083 1756 1118 1788 de
1132 1764 1198 1787 tous
1213 1764 1266 1786 nos
1277 1756 1360 1800 grains
1379 1756 1437 1786 leur
1450 1756 1534 1788 ſuffit.
1559 1761 1613 1789 Les

522 1798 639 1832 viandes
652 1799 692 1832 les
701 1797 765 1841 plus
773 1796 904 1831 délicates
911 1801 994 1832 n'ont
1003 1807 1078 1837 pour
1092 1807 1148 1830 eux
1155 1807 1252 1830 aucun
1257 1797 1368 1830 attrait:
1382 1799 1420 1830 Ils
1433 1800 1491 1831 s'en
1501 1803 1616 1831 détour-

525 1853 597 1876 nent
614 1845 710 1885 plutôt
724 1853 837 1879 comme
853 1842 925 1875 d'un
935 1844 1044 1887 poiſon.
1075 1842 1137 1878 Des
1137 1842 1326 1877 inclinations
1338 1842 1357 1876 ſi
1367 1842 1461 1877 ſobres
1471 1847 1510 1881 et
1502 1847 1531 1887 ſi
1533 1854 1614 1876 avan-

522 1885 651 1930 tageuſes
664 1897 739 1930 pour
746 1897 823 1919 nous,
847 1884 928 1920 ſont
933 1885 999 1921 elles
1007 1887 1076 1921 dues
1086 1888 1102 1920 à
1109 1899 1163 1920 nos
1171 1887 1266 1920 ſoins?
1287 1886 1376 1922 Eſt-ce
1384 1896 1467 1920 notre
1476 1889 1614 1921 induſtrie

524 1929 575 1974 qui
591 1932 630 1963 les
645 1930 695 1965 fait
709 1931 821 1967 naître?
866 1932 941 1965 Non
951 1930 1138 1972 aſſurément,
1157 1930 1190 1975 et
1183 1929 1333 1963 Monſieur
1346 1931 1371 1964 le
1380 1931 1527 1965 Chevalier
1543 1936 1582 1962 les
1599 1942 1615 1963 a

522 1976 641 2013 apellées
652 1987 718 2009 avec
726 1975 818 2009 raiſon
829 1985 872 2009 un
888 1972 935 2007 des
949 1973 1014 2016 plus
1023 1975 1117 2009 beaux
1128 1973 1242 2017 préſens
1257 1974 1292 2008 de
1299 1974 1385 2009 Dieu.
1429 1977 1473 2007 La
1481 1978 1615 2016 Comteſſe.

521 2016 547 2050 Il
561 2016 622 2049 faut
635 2017 692 2048 être
706 2014 803 2058 ingrat
817 2023 858 2046 ou
872 2015 990 2054 aveugle
1004 2023 1079 2055 pour
1086 2025 1122 2048 en
1136 2016 1322 2048 diſconvenir.
1347 2020 1403 2047 Car
1415 2026 1460 2046 ces
1477 2021 1615 2045 animaux

523 2070 561 2091 ne
569 2061 634 2093 ſont
642 2072 691 2103 pas
705 2058 861 2099 ſeulement
876 2059 995 2094 dociles:
1011 2060 1081 2093 mais
1095 2060 1128 2094 ils
1137 2069 1212 2093 nous
1227 2060 1335 2094 aiment
1343 2064 1577 2096 naturellement,
1588 2071 1616 2092 et

523 2112 598 2138 nous
606 2104 743 2139 viennent
747 2104 890 2148 préſenter
898 2104 1102 2139 d'eux-mêmes
1111 2106 1188 2140 leurs
1197 2103 1335 2139 différens
1341 2105 1467 2147 ſervices,
1467 2108 1614 2147 puiſqu'ils

523 2155 560 2178 ne
571 2145 741 2187 s'éloignent
750 2145 848 2187 jamais
856 2146 892 2178 de
899 2155 985 2177 nous.
1029 2148 1080 2179 Au
1093 2147 1153 2179 lien
1162 2155 1219 2186 que
1234 2148 1274 2178 les
1288 2156 1388 2187 autres
1388 2151 1450 2186 qui
1450 2156 1485 2186 ne
1493 2151 1557 2176 ſont
1561 2157 1615 2186 pas

523 2186 647 2222 deſtinés
653 2191 669 2221 à
675 2194 808 2231 partager
815 2196 870 2219 nos
873 2189 982 2230 peines,
988 2188 1016 2219 ſe
1024 2196 1194 2223 contentent
1200 2190 1236 2221 de
1243 2198 1282 2220 ne
1289 2198 1368 2221 nous
1370 2199 1422 2230 pas
1427 2194 1526 2232 faire
1513 2194 1542 2234 de
1549 2197 1615 2225 mal,
