1593 2372
522 311 638 348 Praxis
658 308 832 354 Analytica.

1087 337 1142 369 193

246 409 327 457 poſt
352 418 519 456 parvam.
547 403 584 441 ﬢ
610 406 716 446 habet
741 405 902 457 Dageſch
927 406 1029 449 lene,
1063 403 1144 454 poſt

252 459 309 501 (:)
341 455 472 505 quieſc.
503 460 594 497 §.11.
627 460 650 490 I.
680 468 710 490 2.
760 457 880 500 Syllabæ
904 455 1031 491 adſunt
1051 464 1146 494 tres,

255 505 368 555 prima
384 504 550 554 ſimplex,
571 503 647 542 duæ
680 504 891 555 poſteriores
921 507 1139 552 compoſitæ,

250 558 283 600 §.
301 569 348 599 15.
376 556 494 594 media
510 565 580 592 tres
603 563 741 592 tantum
767 565 883 591 moras
901 555 1032 594 habet,
1051 564 1080 597 §.
1103 564 1143 588 6.

249 602 334 647 Obſ.
351 619 375 644 I.
396 607 437 644 δ.
485 608 585 642 Tonus
605 603 654 644 eſt
678 616 715 641 in
733 601 879 641 ultima,
903 609 933 641 §.
948 611 995 640 16.
1010 606 1048 641 lI.

224 664 270 713 II.
291 665 509 712 Significatio:
530 661 576 702 ad
597 662 782 702 diſcrimen
808 664 1115 701 conſtituendum.

224 718 281 757 lll.
307 705 413 755 Radix
435 719 501 756 ſec.
529 725 559 756 §.
593 727 653 754 60.
682 723 733 754 eſt
764 718 875 769 ברל,
881 727 1067 761 ſeparavit,
1094 728 1145 749 di-

244 779 382 828 ſtinxit,
403 781 553 828 diſcrevit.
602 777 740 818 Eadem
758 775 966 828 ſignificatio
996 779 1137 816 obtinet

251 839 290 865 in
307 827 427 876 Hiphil.
451 828 522 868 vid.
541 832 673 874 Syntax.
696 832 734 865 &
754 831 844 862 Idiot.
871 835 897 870 §.
930 840 981 864 20.
1000 835 1085 866 Obſ.
1112 840 1144 864 1.

225 893 284 931 IV.
311 896 487 928 Formatio:
512 890 564 929 eſt
583 887 739 930 Verbum
761 893 794 926 &
816 885 963 938 quidem
990 887 1140 929 Perfect.

249 951 287 984 §.
310 953 370 990 40.
413 941 610 994 Conjugat.
647 943 804 995 Hiphil,
833 945 867 988 §.
892 954 942 991 59.
968 943 1075 979 II.I.
1101 950 1143 987 γ.

250 997 445 1050 Temporis
460 996 649 1039 indefiniti.
697 995 755 1037 Ad
791 996 952 1053 formamEn
952 997 1145 1053 הקטﬧ

248 1060 332 1104 dico
353 1057 541 1109 הבדּﬧ.
558 1070 656 1098 nunc
689 1055 870 1097 adduntur
910 1060 1071 1110 Præfixa,
1102 1066 1145 1115 &

245 1114 364 1169 primo
381 1103 528 1171 quidem
549 1113 595 1160 ל
613 1121 649 1163 §.
670 1126 716 1163 17.
744 1118 848 1153 Caut.
872 1126 904 1158 4.
924 1121 960 1159 β.
984 1132 1047 1163 per
1080 1129 1144 1162 (:)

251 1188 285 1231 §.
306 1199 352 1232 50
375 1181 509 1225 deinde
525 1188 563 1224 ר,
580 1180 681 1236 quod
710 1182 789 1222 loco
810 1182 874 1231 (:)
906 1183 1062 1221 Schurek
1086 1194 1143 1221 re-

249 1244 359 1297 cipit,
380 1253 411 1288 §.
436 1260 485 1296 50.
519 1251 572 1285 Ill.
596 1247 682 1289 Obſ.
712 1261 737 1287 1.
788 1248 843 1286 De
883 1241 1142 1295 ſignificatione

248 1299 372 1342 Partic.
390 1294 416 1341 ל
438 1297 511 1341 vid.
528 1304 658 1347 Syntax.
677 1304 719 1339 &
733 1301 826 1336 Idiot.
857 1303 890 1343 §.
909 1304 965 1343 48.

310 1361 439 1401 Poterit
455 1356 531 1410 jam
551 1358 707 1399 exercitii
735 1360 846 1408 gratia
880 1360 1017 1406 quæri,
1051 1372 1143 1408 quo-

249 1415 363 1457 modo
385 1416 458 1457 hoc
479 1417 636 1457 Verbum
657 1414 786 1454 habeat
800 1416 841 1453 in
874 1418 962 1459 Kal,
992 1407 1142 1465 Niphal,

247 1471 323 1507 Piel
355 1473 419 1506 &.
461 1464 668 1516 horumque
695 1467 861 1513 Infinitivis
903 1471 919 1502 &
951 1466 1143 1512 Participiis.

252 1534 359 1572 Porro
398 1531 545 1571 evoluto
576 1528 841 1581 Paradigmate,
879 1532 1044 1583 הביר
1077 1538 1141 1580 per

255 1583 455 1628 Præteriti,
482 1585 609 1624 Futuri
643 1595 684 1622 ac
712 1580 911 1631 Imperativi
951 1572 1143 1632 perſonas,

249 1642 436 1690 genera
412 1641 439 1693 &
467 1649 637 1680 numeros
668 1640 840 1678 flectatur.
914 1639 1141 1689 Participium

247 1697 358 1750 habet
387 1711 582 1753 מבדּר,
614 1699 719 1755 Quid
754 1712 839 1754 ergo
868 1699 1065 1754 ſignificat:
1091 1702 1142 1739 di-

238 1762 401 1809 ſtinguens
418 1749 504 1807 me?
504 1749 571 1806 ꝶ.
590 1757 754 1802 מברולו,
778 1769 899 1798 tonus
920 1761 973 1796 eſt
996 1760 1035 1797 in
1059 1754 1143 1795 ulti-

246 1828 323 1861 ma,
341 1818 371 1869 §.
389 1824 435 1860 16.
455 1823 483 1861 I.
500 1818 574 1861 obſ.
598 1806 632 1860 I.
650 1808 695 1870 β.
710 1829 789 1857 non
821 1818 999 1860 enim|eſt
1032 1816 1143 1857 affor-

241 1889 421 1931 mativum
455 1887 495 1930 in
530 1886 689 1940 Hiphil,
719 1886 780 1930 ſed
819 1885 1004 1929 Suffixum.
1032 1886 1141 1935 diſtin-

238 1942 345 1999 guens
347 1950 440 2000 fam.
466 1941 691 2008 מברילר"ל,
713 1957 824 1987 tonus
850 1949 903 1989 eſt
930 1943 971 1987 in
1001 1945 1141 1998 penult.

755 2024 796 2064 N

1049 2015 1082 2068 §.
1091 2018 1142 2055 16.
