2341 2704
687 561 802 592 tatum
823 554 858 590 in
879 555 1005 593 cantico
1023 551 1127 601 Moſis
1156 554 1259 591 Deut.
1286 549 1448 588 XXXII.
1474 547 1706 593 quærendum
1722 544 1789 583 eſſe
1807 543 2020 590 exiſtimant,

689 601 849 645 ideoque
872 611 938 646 per
958 598 1180 646 πρωτότοϰον
1200 597 1408 643 intelligunt
1431 596 1592 642 populum
1615 595 1742 642 Iſraël,
1775 596 1817 627 ut
1838 598 1873 622 v.
1888 596 1920 633 g.
1946 598 2020 629 AR-

698 657 818 681 THVR
846 663 1026 688 ASHLEY
1049 662 1184 688 SYKES
1201 652 1235 687 in
1249 645 1461 696 Paraphraſi
1492 649 1508 689 &
1530 648 1616 683 notis
1631 647 1667 681 in
1677 647 1741 694 Ep.
1757 645 1805 682 ad
1812 643 1892 681 Ebr.
1910 641 2019 679 Lond.

699 713 808 746 1755.
827 701 954 751 anglicè
975 700 1068 739 editis
1081 708 1116 750 p.
1137 712 1191 738 11.
1217 700 1260 745 (à
1271 698 1372 744 cujus
1388 688 1564 734 ſententiâ
1574 705 1690 742 prope
1706 695 1814 733 etiam
1829 689 1926 731 abeſt
1945 702 1971 739 J.
1986 699 2021 725 D.

694 761 953 791 MICHAELIS
975 754 1010 789 in
1021 751 1148 801 Expos.
1169 760 1263 785 vern.
1278 750 1341 797 Ep.
1353 747 1400 784 ad
1411 747 1493 784 Ebr.
1503 752 1541 795 p.
1558 755 1635 790 109.
1639 742 1706 789 ſſ.)
1720 746 1761 779 iis
1779 744 1895 793 prima
1910 741 2020 778 intro-

697 793 817 832 ductio
832 796 958 842 populi
981 795 1163 832 israëlitici
1180 795 1217 829 in
1232 794 1366 829 terram
1381 790 1524 827 Canaan
1541 791 1593 825 eſt
1608 794 1668 825 illa
1680 799 1745 833 per
1758 792 1904 834 Joſuam
1921 788 2022 828 facta,

691 844 801 883 altera
817 848 912 883 verò
929 845 990 881 ſub
1011 843 1166 880 reditum
1185 842 1204 877 è
1222 841 1435 887 captivitate
1448 839 1576 885 Babyl.
1595 842 1757 884 contigit.
1812 842 1886 883 Qui
1912 842 1958 884 β)
1977 838 2024 869 di-

696 892 791 930 ctum
810 895 971 932 noſtrum
991 903 1035 928 ex
1054 890 1188 939 Pſalmo
1196 890 1341 934 quidem
1357 894 1548 933 repetunt,
1576 889 1636 921 ſed
1656 890 1770 922 Deum
1778 889 1934 927 Patrem,
1951 896 2028 923 non

696 939 876 985 Meſſiam,
905 940 1128 985 πρωτότοϰον
1139 941 1238 973 illum
1261 939 1330 972 eſſe
1356 938 1565 979 adfirmant,
1601 940 1702 977 cujus
1722 938 2031 967 introductionem

697 987 853 1031 Pſalmus
873 995 999 1032 canat,
1023 995 1065 1020 ut
1082 995 1113 1018 e.
1130 997 1161 1032 g.
1178 987 1290 1021 modò
1308 987 1419 1021 dictus
1437 992 1508 1019 DN.
1526 984 1783 1018 MICHAELIS
1803 986 1876 1012 l.c.
1897 991 1931 1021 p.
1948 992 2028 1013 110.

698 1050 734 1075 n.
750 1045 870 1089 15.16.
889 1044 933 1078 de
951 1041 1022 1088 quâ
1042 1039 1342 1087 interpretatione
1357 1037 1451 1073 infra
1467 1035 1610 1073 dicendi
1624 1038 1727 1072 locus
1745 1035 1826 1079 erit,
1842 1033 1909 1068 illis
1925 1040 2030 1069 itera-

699 1099 738 1129 ta
758 1096 828 1134 Dei
845 1095 879 1131 in
898 1093 1025 1131 orbem
1041 1090 1262 1129 introductio
1284 1089 1362 1126 tùm
1379 1087 1509 1125 dicitur
1529 1086 1620 1124 facta
1639 1085 1728 1128 eſſe,
1759 1092 1891 1128 quum,
1920 1084 2036 1119 aboli-

701 1148 736 1176 ta
751 1143 977 1188 idololatriâ,
1005 1141 1111 1176 unius
1123 1151 1164 1176 ac
1179 1142 1257 1176 veri
1277 1138 1370 1180 Dei,
1397 1137 1482 1181 (qui
1496 1135 1625 1182 partim
1639 1138 1675 1171 in
1696 1137 1730 1172 ſe
1746 1132 1922 1180 ſpectatus
1948 1133 2030 1172 Pri-

697 1200 899 1243 mogenitum
917 1194 1062 1230 omnium
1077 1192 1238 1237 Entium,
1266 1190 1395 1235 partim
1416 1188 1451 1223 in
1464 1188 1694 1234 oppoſitione
1712 1186 1754 1222 ad
1768 1184 1937 1223 Deaſtros
1946 1178 2033 1228 gen-

697 1236 842 1278 tilium,
868 1237 977 1276 ſerius
994 1242 1118 1282 ortos,
1148 1235 1395 1284 Primogenitus
1406 1233 1501 1268 Deus
1515 1234 1631 1268 nobili
1643 1231 1791 1266 audaciâ
1802 1230 1870 1263 dici
1886 1231 2033 1271 queat,)

702 1293 862 1340 cognitio
882 1293 1074 1337 cultusque
1091 1291 1127 1324 in
1147 1291 1238 1326 orbe
1252 1289 1384 1324 iterum
1403 1288 1528 1333 vigere
1552 1285 1748 1331 inciperet,
1779 1282 1876 1319 unde
1894 1280 1929 1317 &
1949 1285 2033 1327 pro-

700 1353 788 1379 num
801 1344 855 1381 eſt
872 1341 1062 1387 colligere,
1089 1341 1174 1382 quid
1189 1350 1254 1381 per
1264 1337 1414 1382 primam
1432 1335 1646 1379 intelligant.
1699 1335 1775 1380 Qui
1797 1332 1954 1375 denique
1973 1327 2032 1374 γ)

707 1382 872 1433 Chriſtum
891 1384 951 1421 hîc
968 1382 1189 1429 πρωτότοϰον
1205 1381 1274 1415 dici
1296 1377 1518 1424 agnoſcunt,
1544 1377 1691 1417 illorum
1703 1376 1779 1410 aliis
1790 1375 1907 1422 prima
1924 1375 2036 1407 intro-

678 1434 826 1479 ductio
843 1439 893 1472 eſt
911 1435 1092 1476 revelatio
1115 1432 1275 1478 myſterii
1303 1428 1559 1467 incarnationis
1581 1420 1732 1474 Angelis
1758 1424 1868 1472 facta,
1893 1420 2036 1467 ſecunda

695 1480 801 1520 verò
825 1481 1023 1518 incarnatio
1039 1478 1129 1527 ipſa;
1156 1478 1230 1516 aliis
1249 1474 1364 1528 prima
1378 1475 1430 1512 eſt
1452 1472 1634 1522 prædictio
1663 1472 1922 1521 incarnationis
1939 1470 1982 1512 in
1982 1470 2035 1511 V.

702 1529 749 1568 T.
771 1528 979 1568 hominibus
995 1526 1108 1572 facta,
1129 1523 1271 1576 ſecunda
1287 1529 1406 1559 autem
1424 1522 1498 1570 ipſe
1520 1522 1652 1561 Chriſti
1672 1525 1853 1558 adventus
1878 1525 1915 1554 in
1934 1531 2037 1554 mun-

704 1581 811 1628 dum;
838 1582 992 1619 Rurſum
1019 1580 1094 1616 aliis
1106 1579 1220 1628 prima
1236 1575 1457 1618 introductio
1474 1575 1566 1614 facta
1584 1575 1636 1611 eſt
1653 1585 1719 1619 per
1732 1574 2034 1616 incarnationem,

706 1632 741 1668 &
747 1630 894 1680 ſecunda
910 1632 991 1677 poſt
1010 1628 1251 1668 aſcenſionem
1274 1636 1338 1671 per
1363 1625 1587 1670 præconium
1602 1624 1793 1672 Evangelii
1816 1624 1852 1657 in
1879 1627 1962 1657 toto
1978 1631 2035 1657 or-

705 1683 772 1726 be;
802 1683 876 1719 Alii
894 1681 1038 1725 denique
1050 1674 1122 1724 pro
1135 1678 1254 1726 prima
1266 1675 1403 1713 habent
1415 1674 1594 1721 primum,
1622 1673 1657 1708 &
1675 1682 1743 1718 pro
1749 1669 1899 1719 ſecundâ
1913 1668 2037 1715 ſecun-

707 1733 790 1770 dum
808 1732 936 1770 Chriſti
954 1730 1180 1774 adventum;
1208 1728 1261 1763 Ita
1289 1727 1358 1763 ſcil.
1387 1732 1517 1761 mutuo
1541 1720 1574 1760 ſe
1594 1720 1758 1769 jugulare
1777 1719 1956 1758 neceſſum
1974 1720 2035 1756 ha-

706 1778 817 1823 bent,
831 1779 890 1822 qui
908 1774 973 1818 τὸ·
992 1774 1103 1814 πα΄λιν
1116 1774 1155 1812 de
1170 1773 1297 1812 iteratâ
1303 1769 1545 1811 introductione
1563 1775 1783 1814 exponunt;
1827 1770 1886 1805 Nos
1907 1765 2035 1811 optimè

703 1829 796 1866 iſtud
815 1828 1069 1867 ſententiarum
1086 1824 1285 1863 divortium
1301 1823 1429 1859 evitari
1445 1820 1544 1869 poſſe
1561 1821 1788 1865 arbitramur,
1807 1820 1829 1855 ſi
1846 1818 1900 1854 τὸ·
1917 1816 2041 1854 πα΄λιν

704 1885 782 1911 non
805 1875 951 1922 quidem
980 1873 1227 1911 conſtruamus
1256 1879 1339 1906 cum
1359 1867 1480 1916 λέγει,
1521 1871 1621 1912 quod
1652 1869 1893 1904 duriuſculum
1922 1866 2040 1902 videri

705 1926 844 1974 poſſet,
870 1936 940 1962 nec
952 1932 1073 1962 tamen
1084 1924 1190 1961 etiam
1205 1930 1287 1957 cum
1302 1917 1518 1971 ἐισαγα΄γῃ,
1529 1919 1587 1956 ſed
1605 1919 1810 1965 ſimpliciter
1823 1917 1860 1952 id
1875 1911 1943 1961 pro
1959 1914 2036 1960 for-

705 1976 799 2014 mulâ
816 1974 943 2014 citandi
960 1975 1181 2019 habeamus,
1210 1979 1309 2015 quæ,
1335 1971 1390 2007 uti
1409 1977 1670 2014 BENGELIVS
1699 1969 1748 2004 ait
1763 1969 1800 2004 in
1814 1966 1885 2003 Gn.
1902 1962 1950 2000 ad
1959 1963 1994 2004 h.
2009 1965 2034 2004 l.

706 2027 863 2063 orationi
883 2025 1029 2063 liberius
1052 2024 1214 2061 interſeri
1233 2022 1346 2066 ſolct,
1380 2020 1414 2055 id
1436 2020 1535 2065 quod
1562 2017 1647 2055 idem
1678 2015 1850 2062 exemplis
1878 2013 2035 2059 probat;

707 2072 817 2107 Certè
841 2079 922 2104 cum
955 2069 1071 2105 πα΄λιν
1101 2066 1207 2101 verſu
1226 2076 1332 2110 præc.
1355 2064 1397 2115 ſit
1425 2067 1510 2098 nota
1529 2065 1765 2110 producentis
1791 2059 2037 2099 teſtimonium

697 2115 892 2167 ſecundum,
911 2114 932 2165 &
950 2117 1011 2154 hîc
1034 2115 1239 2152 collocetur
1256 2119 1340 2148 ante
1368 2118 1525 2158 tertium,
1564 2112 1673 2155 idque
1692 2111 1799 2149 etiam
1825 2103 1882 2142 tot
1904 2109 1978 2144 aliis
1998 2111 2037 2146 in

707 2169 798 2206 locis
816 2167 898 2212 fiat,
920 2176 992 2213 e.g.
1035 2164 1124 2202 Rom.
1149 2166 1221 2209 XV,
1241 2175 1295 2199 10.
1314 2163 1350 2199 ſſ.
1372 2171 1452 2196 cum
1476 2160 1665 2206 ἐισαγα΄γῃ
1681 2159 1773 2192 verò
1792 2157 2035 2195 conſtructum

707 2217 934 2256 difſicultates
950 2217 1028 2254 ferè
1042 2213 1297 2261 inſuperabiles
1318 2210 1459 2258 gignat,
1488 2209 1594 2246 ſatius
1611 2204 1763 2245 omninò
1783 2207 1855 2254 eſt,
1873 2208 1960 2248 illud
1972 2209 2031 2236 et-

707 2268 775 2303 iam
791 2267 823 2301 h.
835 2265 856 2299 l.
876 2272 943 2310 pro
960 2263 1049 2300 notâ
1066 2263 1245 2300 citationis
1262 2261 1408 2304 habere,
1426 2260 1512 2295 licet
1522 2260 1646 2295 locum
1662 2256 1866 2298 conſuetum
1890 2253 1955 2302 non
1973 2259 2034 2285 oc-

707 2311 840 2352 cupet;
869 2307 997 2354 Longè
1012 2306 1180 2349 profectò
1211 2307 1331 2340 durius
1359 2307 1431 2346 eſt,
1457 2306 1721 2338 revelationem
1747 2307 1822 2335 ſive
1838 2286 2036 2341 prædictio-
