1771 2676
301 339 700 374 ANTIQVITATVM
716 337 911 370 ROMAN.
935 337 1129 370 LIB.VIII.

1195 333 1274 373 1663

320 417 371 468 Τῇ
396 412 430 453 δ᾽
447 409 570 463 ἐπιώση
602 409 692 459 νυκῦ
724 409 844 461 ψόφος
864 409 893 447 τ᾽
913 407 1028 452 ἤκδετο
1044 405 1154 451 πολὺς
1180 410 1216 446 ἐκ
1231 409 1272 448 τῇ

216 461 375 516 χάρωκος
408 466 471 504 τῶν
500 465 643 518 Ἑρνίμκμων
677 462 732 514 καὶ
761 462 844 511 βοὴ,
879 463 934 512 καὶ
956 462 1082 503 πολλὰ
1111 464 1271 514 ἐφαίνετο

216 524 233 550 κ
250 523 342 561 σέλα
359 518 576 571 λαμπάδων.
617 516 824 569 ἀπογνόντες
841 516 912 570 γὰρ
931 520 978 558 ἔτι
995 518 1153 571 ἀνθέξειν
1167 517 1269 566 ἑτέρα

215 571 339 622 μώχη,
372 579 579 612 καταλιπεῖν
595 573 647 610 τὸν
664 572 815 623 χάρακα
837 577 987 619 ἔγνωσαν
1011 571 1266 611 αὐτοκέλευς
1226 587 1268 622 οἱ"

216 628 271 678 κα
299 630 336 669 τὸ
358 632 503 675 ποῖῆσαν
531 633 641 669 αὐτῶν
664 635 718 675 τὴν
741 631 899 680 ἀταξίαν
916 629 968 676 καὶ
986 628 1086 675 βοὴν,
1122 629 1202 667 τῶτο
1221 628 1265 670 ἣν.

216 685 260 728 ὡς
284 684 355 739 γάρ
383 688 470 734 εἶχον
495 686 612 727 ἕκαςοι
639 683 817 737 δυνάμεως
843 687 851 712 1
869 684 924 733 καὶ
952 684 1086 731 τάχες,
1120 687 1265 732 ἔφευγον

215 744 414 792 ἐπιβοῶντές
437 761 474 783 τε
496 743 553 792 καὶ
575 742 813 794 ἐπιβοώμενοι,
835 744 899 782 τῶν
930 742 970 785 δὲ
997 743 1268 793 ὑπολειπομένων

215 797 279 838 δια
301 800 499 853 τραύματα,
517 799 534 842 ἢ
552 800 661 840 νόσες,
696 799 850 850 οἰμωγάς
870 798 925 845 καὶ
943 798 1111 840 λιτανείας
1126 801 1156 835 ἐν
1177 795 1223 836 ἐδ
1226 800 1267 838 ενὶ

215 856 314 909 λόγῳ
350 857 525 911 τιθέμενοι.
571 859 644 898 τῶτ᾽
662 858 857 908 ὠγνοοῦντες
882 859 908 895 οἱ
944 857 1122 907 Ῥωμαῖοι,
1153 871 1264 893 πεπυ-

216 916 330 965 σμένοι
357 913 396 955 δὲ
412 913 514 967 παρὰ
532 914 594 953 τῶν
613 913 847 963 αἰχμαλώτων
865 911 1036 965 πρότερον,
1054 913 1103 953 ὅτι
1119 909 1263 963 δύναμις

213 976 359 1030 ᾿Ἑρνίκων
376 976 473 1028 ἑτέρα
487 975 608 1026 μέλλει
625 975 754 1025 βοηϑὸς
766 976 857 1030 ἥξειν
871 981 940 1019 τοῖς
955 972 1144 1028 σφετέροις,
1174 978 1196 993 ᾿
1213 972 1267 1022 καὶ

214 1033 273 1078 τὴν
296 1032 376 1079 βοήν
401 1048 438 1071 τε
464 1029 523 1078 καὶ
548 1031 702 1083 ταραχὴν
727 1032 784 1071 ἐπὶ
798 1032 841 1071 τῇ
856 1032 977 1071 ἐκείνων
993 1028 1118 1082 ἀφίξει
1135 1027 1269 1078 γεγονέ-

218 1098 266 1130 να!
291 1084 496 1137 νομίζοντες,
523 1086 573 1123 τά
591 1102 627 1124 τε
646 1091 746 1124 ὅπλα
763 1078 947 1129 ἀνέλαβον,
976 1086 1032 1132 καὶ
1047 1089 1102 1118 τὸν
1117 1082 1269 1132 χάρακα

214 1145 570 1199 “εριςερανώσαντες,
584 1144 633 1195 μή
650 1162 698 1190 τις
714 1143 841 1197 ἔφοδος
855 1144 973 1188 αὐτοῖς
988 1143 1113 1196 γένοιτο
1130 1143 1267 1195 νύκἼωρ,

215 1204 290 1244 τοτὲ
304 1206 362 1257 μὲν
377 1204 491 1244 ἔπλων
508 1203 636 1254 κ͵)ύπον
652 1206 782 1245 ἐποίουν
799 1202 943 1259 ὠϑρόοι,
969 1202 1044 1242 τυτὲ
1063 1199 1123 1249 δὲ,
1151 1201 1272 1254 ὥσπερτϑ

1293 648 1320 683 5

1276 925 1315 949 10

1272 1203 1316 1254 15

298 1311 446 1352 Sequenti
468 1319 541 1349 vero
563 1311 651 1340 nocte
670 1310 780 1350 ingens
794 1308 933 1348 ſtrepitus
948 1316 980 1338 et
992 1310 1103 1339 clamor
1117 1317 1156 1339 ex
1169 1309 1264 1339 caſtris

212 1348 419 1385 Hernicorum
430 1352 670 1382 exaudiebantur,
694 1358 725 1381 et
738 1349 819 1381 faces
831 1351 945 1381 multae
960 1350 1143 1381 collucentes
1160 1356 1262 1379 cerne-

212 1388 331 1419 bantur.
355 1387 549 1425 deſperantes
563 1387 652 1421 enim,
662 1376 691 1415 ſe
705 1386 742 1416 ad
757 1385 926 1414 iterandum
941 1383 1091 1422 proelium
1106 1381 1189 1422 poſſe
1204 1382 1275 1426 ſuf-

213 1436 312 1475 ficere,
336 1435 425 1469 caſtra
437 1435 577 1467 deſerere
590 1435 697 1468 iniuſſu
712 1435 822 1467 ducum
837 1434 1051 1466 decreuerant:
1081 1441 1173 1473 atque
1192 1432 1263 1464 haec

213 1480 312 1517 fuerat
329 1478 509 1513 confuſionis
525 1487 556 1510 et
571 1479 703 1511 clamoris
718 1488 823 1510 eorum
838 1477 940 1511 cauſſa.
985 1480 1065 1510 Nam
1084 1485 1189 1509 omnes
1208 1483 1261 1516 pro

213 1523 322 1558 viribus
337 1532 367 1555 et
382 1522 521 1554 celeriter
535 1521 703 1564 fugiebant,
727 1528 757 1551 et
772 1520 857 1553 alteri
872 1520 1035 1554 alterorum
1052 1520 1196 1551 auxilium
1211 1520 1262 1551 im-

201 1564 389 1607 plorabant;
408 1564 538 1606 gemitus
555 1575 588 1596 ac
597 1574 701 1609 preces
716 1574 828 1601 eorum,
837 1564 888 1606 qui
902 1565 948 1596 vel
963 1565 1001 1596 ob
1018 1564 1148 1602 vulnera,
1165 1562 1209 1593 vel
1222 1560 1260 1593 ob

213 1613 333 1645 morbos
350 1611 607 1653 relinquebantur,
630 1610 833 1654 negligentes.
873 1610 980 1650 Quum
995 1609 1118 1643 Romani
1134 1609 1166 1641 id
1178 1608 1264 1650 igno-

212 1661 323 1690 rarent,
343 1660 374 1684 et
390 1661 428 1682 ex
443 1652 565 1692 captiuis
580 1659 650 1683 ante
664 1650 819 1689 audiſſent,
833 1661 927 1682 nouas
943 1651 1145 1684 Hernicorum
1168 1649 1265 1688 copias

212 1695 273 1729 ſuis
287 1689 414 1730 ſubſidio
429 1701 579 1729 venturas,
592 1702 625 1725 et
638 1694 799 1727 clamorem
813 1700 845 1723 et
858 1695 1021 1725 tumultum
1033 1693 1072 1726 ob
1088 1692 1209 1725 illorum
1223 1693 1271 1723 ad-

215 1745 340 1773 ventum
356 1732 518 1768 excitatum
534 1735 754 1771 exiſtimarent,
782 1743 863 1767 arma
883 1736 1109 1775 corripuerunt,
1132 1733 1273 1772 valloque

215 1787 327 1811 corona
341 1779 471 1810 militum
484 1778 587 1814 cincto,
610 1787 652 1809 ne
666 1786 725 1817 qua
737 1778 780 1807 vis
795 1779 957 1817 repentina
971 1778 1060 1809 noctu
1077 1778 1131 1808 ſibi
1150 1780 1271 1809 afferre-

217 1828 274 1859 tur,
289 1821 381 1853 modo
398 1820 500 1858 colliſis
516 1820 603 1852 armis
617 1828 723 1852 omnes
737 1818 894 1860 ſtrepitum
907 1821 1048 1856 edebant,
1072 1817 1172 1854 modo,
1193 1817 1274 1857 quaſi

1275 1313 1330 1338 Per.
1338 1313 1390 1339 Iul.

1275 1351 1349 1378 4229.

1275 1381 1337 1404 Ante

1270 1413 1317 1439 Chr.
1327 1420 1391 1447 485.

1275 1430 1367 1471 Οlymp.

1275 1480 1340 1520 73¾.

1334 1537 1392 1561 Cat.

1275 1580 1321 1607 V.C.
1331 1565 1392 1596 267.

1321 1609 1393 1634 Var.

1332 1637 1392 1659 269.

1240 1881 1274 1898 in

256 1935 275 1969 k
296 1932 417 1977 τέλατα
411 1927 421 1976 ]
440 1940 507 1966 Ξέλα
530 1935 594 1967 Vat.

255 1975 270 2008 l
285 1975 333 2008 'Ὡς
345 1971 399 2010 γὰρ
412 1971 481 2007 εἶχον
491 1972 575 2004 ἕκακοι
591 1973 724 2010 δυνάμεως,

216 2017 259 2052 καὶ
272 2018 341 2050 κατὰ
354 2021 435 2054 τάχος
450 2016 573 2061 ἔφευγον]
597 2021 655 2052 Vel
672 2020 726 2051 tol-

216 2062 307 2094 lenda
335 2060 386 2101 κοὴ,
412 2063 460 2094 vel
478 2060 728 2098 diſtinguendum

216 2100 283 2142 poſt
296 2106 387 2139 τάχος.
399 2102 474 2142 Sylb.
489 2094 621 2134 Omnem
637 2101 729 2143 plane

217 2146 390 2189 ſcrupulum
403 2147 507 2180 eximit
516 2148 583 2181 Cod.
596 2149 660 2181 Vat.
678 2148 731 2189 qui

217 2190 295 2232 Iegit
310 2192 368 2224 hος
380 2190 489 2222 modo:
518 2188 552 2222 εἷς
570 2188 623 2226 γὰφ
646 2189 731 2221 ἕκατοι

219 2231 345 2267 δυνάμεως
367 2230 437 2267 εἶχον
459 2228 500 2264 κρὴ
519 2232 603 2265 τάχως
624 2226 731 2267 ἔφευγον

762 1932 912 1968 δπτιβοῶντες
923 1928 1037 1964 ἀλλήλες
1051 1928 1093 1962 κοὺ
1104 1928 1274 1965 ἐπιβοώμενοι,

764 1986 823 2007 nec
844 1976 933 2008 aliter
952 1977 984 2007 in
1007 1978 1079 2018 Lapi
1100 1976 1168 2008 Cod.
1204 1984 1275 2006 nam

764 2018 868 2050 vertit:
899 2027 932 2049 vt
960 2027 1022 2047 erat
1050 2018 1147 2058 cuique
1170 2018 1277 2047 virium

762 2061 836 2101 plus,
850 2069 901 2093 aut
914 2063 1018 2099 minus,
1034 2060 1096 2101 ſiue
1110 2061 1274 2094 velocitatis,

755 2102 923 2148 fugiebant,
945 2114 1073 2137 vocantes
1092 2106 1141 2136 alii
1160 2106 1232 2137 alios
1246 2112 1276 2134 et

765 2149 871 2179 vocati.

812 2194 839 2210 m
861 2185 910 2213 Ked
936 2182 984 2211 τὴν
1004 2180 1064 2215 βοήν
1085 2191 1114 2208 τε
1134 2177 1177 2211 καὶ
1195 2188 1276 2213 rueæ-

771 2229 822 2266 χὴν
838 2232 904 2262 Vat.
928 2230 1052 2269 vulgatis
1066 2229 1149 2260 deeſt
1163 2241 1201 2259 τε.

820 2273 883 2309 Z3

1153 2278 1173 2300 n
1194 2270 1279 2308 Opti-
