1516 2222
176 347 350 390 lentiam,
372 345 463 383 alter
491 343 589 392 quaſi
628 343 812 380 Theocritus
840 347 1098 386 cognomento

178 399 290 442 fuerit
318 400 528 449 appellatus.
613 396 728 433 Suidas
761 393 924 443 Moſchum
946 391 1099 430 celebris

180 438 413 495 Ariſtarchi,
460 445 525 493 qui
562 438 628 484 ſub
668 443 842 481 Ptolemaeo
880 438 1099 483 Philometore,

180 502 303 547 (cuius
332 500 489 548 nepotis,
508 498 677 536 Ptolemaei
711 494 855 540 Lathyri,
881 498 1101 540 praeceptor

180 553 267 600 fuit)
294 550 405 594 vixit,
430 548 584 589 amicum
612 545 714 589 fuiſſe
739 538 861 586 refert.
908 540 1101 580 Philometor

182 616 302 643 autem
318 604 491 647 Ptolemaeo
507 597 691 650 Epiphani
716 597 842 644 primo
877 606 939 642 155
960 590 1099 642 Olym-

181 656 307 694 piadis
332 665 428 691 anno
465 650 634 694 ſucceſſit.
714 650 796 689 Sed
820 646 997 688 Moſchus
1027 642 1103 693 ipſe

181 691 277 737 hanc
303 696 483 745 epocham
510 691 669 738 refutat,
693 691 871 739 ſiquidem
903 692 1106 726 Theocritum

183 761 227 788 vt
249 744 300 786 ſui
330 741 562 787 coaetaneum
595 750 787 781 memorat.
865 741 915 782 Et
946 740 996 776 ob
1027 749 1106 776 ma-

182 812 297 854 gnam
331 802 510 852 temporis
541 797 780 844 differentiam
810 794 942 837 Suidae
980 793 1104 832 minus

172 853 270 897 fidei
293 849 538 892 tribuendum.
587 846 659 887 Sed
677 855 798 887 tamen
820 843 1004 887 conciliari
1021 841 1105 893 poſ-

182 899 267 945 ſunt
288 902 435 955 Moſchus
470 913 506 940 et
536 893 672 944 Suidas,
672 893 719 941 ſi
754 895 828 947 pro
859 893 1027 935 conceſſo
1053 893 1107 932 ſu-

184 964 337 1000 mamus,
347 954 511 1004 Moſchum
522 945 693 996 iuuenem
704 947 827 991 ſenem
841 947 1045 984 Theocritum
1054 947 1107 983 vi-

187 997 299 1052 diſſe,
326 993 450 1052 ipſum
481 997 616 1052 autem
630 995 752 1042 ſenem
773 990 988 1044 Ariſtarchum
1008 994 1134 1031 iuue-

181 1047 271 1093 nem
289 1051 421 1094 vidiſſe.
476 1047 697 1102 Caeterum,
702 1056 794 1100 quo
813 1055 993 1099 rempore,
1014 1055 1107 1091 quo-

181 1095 234 1142 ve
267 1095 370 1139 modo
395 1110 440 1137 ex
464 1096 532 1136 hac
553 1099 630 1140 vita
652 1096 840 1134 exceſſerit
854 1090 1026 1142 Moſchus,
1057 1096 1106 1144 ob

187 1158 322 1193 mirum
339 1164 507 1192 veterum
522 1148 715 1200 ſilentium,
725 1147 816 1183 nihil
832 1143 990 1183 omnino
1005 1153 1107 1182 com-

186 1190 336 1256 pertum
351 1189 574 1244 habemus.
