1752 2608
885 298 1068 334 [98
1036 294 1071 334 1

480 371 568 422 ἄχρι
594 370 700 411 αὐτὸς
722 372 893 422 κορεσϑεὶς
914 365 981 418 τὴς
999 371 1092 417 εὐνῆς
1120 372 1287 417 ἀνέλυσε,
1326 367 1386 418 καὶ
1406 384 1477 410 πά-

480 438 532 469 λιν
555 430 685 470 αὐταις
706 426 867 469 απέδωκε
889 427 948 473 τὴν
970 429 1005 477 ἐξ
1033 429 1151 478 ἀρχῆς
1171 427 1303 479 φύσιν·
1319 429 1476 470 τοιαῦτα

479 484 537 530 μὲν
576 483 591 520 ὁ
632 477 819 530 Τέραμβος
859 481 1076 532 ἐκερτόμησεν
1114 487 1161 521 εἰς
1208 478 1279 521 τὰς
1324 480 1476 530 νύμφας.

478 534 588 577 Μετὰ
615 532 648 574 δὲ
682 534 800 585 χρόνον
837 534 948 583 ὀλίγον
981 536 1144 587 ἐξαίφνης
1174 536 1306 581 ἐγένετο
1342 532 1477 584 κρυμος,

478 585 537 628 καὶ
563 583 748 627 ἐπάγησαν
780 582 814 629 αἱ
839 578 1039 631 χαραδραι,
1080 580 1139 628 καὶ
1165 581 1270 626 πολλὴ
1301 586 1477 622 κατέπετε

479 637 581 683 χίων,
624 652 681 684 και
715 636 766 677 τὰ
798 639 941 685 ποίμνια
972 640 1019 679 τȣ
1050 636 1225 691 Τεράμβȣ
1257 635 1314 677 σὺν
1349 639 1477 679 αὐταῖς

478 693 654 740 ατραποῖς
684 688 743 739 καὶ
772 688 929 737 δένδρεσιν
954 690 1151 740 ἠφανίσϑη·
1194 688 1325 740 νύμφαι
1357 686 1392 730 δὲ
1419 708 1476 741 με-

474 745 631 790 τέβαλον
669 744 750 784 κατ᾽
783 743 883 795 ὀργὴν
919 743 975 785 τὸν
1007 744 1220 797 Τέραμβον,
1259 741 1310 784 ὅτι
1347 743 1477 785 αὐταις

476 792 686 847 ἐλοιδόρησε,
715 793 773 843 καὶ
798 797 931 844 ἐγένετο
950 795 1136 847 ὑλοφάγος
1154 794 1357 849 κεράμβυξ·
1392 789 1478 847 φαί-

506 964 591 999 Aχρi
608 965 688 993 αὐτος
704 967 835 999 κορεσϑεὶς
849 967 901 998 τῆς
917 966 958 993 εὖ-

475 1004 521 1035 νῆς
538 1006 662 1033 ἀνέλυσε)
686 1001 821 1032 ᾿Αναλύειν
843 1005 959 1034 quando-

475 1042 526 1067 que
549 1038 643 1063 redire,
675 1037 717 1060 vel
742 1035 842 1060 recedere
866 1035 958 1068 potiſi-

477 1078 551 1095 mum
565 1079 576 1094 e
592 1069 713 1098 convivio,
732 1072 860 1097 denotare,
875 1069 960 1095 oſten-

478 1109 569 1133 derunt
583 1107 692 1140 inprims
704 1108 815 1132 Pcæeus
828 1108 857 1132 ad
873 1107 916 1141 δρ,
928 1108 959 1132 II.

478 1149 550 1174 Tim.
568 1148 609 1172 IV.
625 1148 650 1173 6.
686 1147 730 1177 ἤος
748 1147 830 1172 Exerc.
856 1148 883 1172 ad
899 1147 959 1173 Phi-

476 1181 538 1213 lipp.
554 1182 573 1205 I.
590 1187 630 1212 23.
662 1188 686 1206 et
710 1182 787 1208 Periz.
811 1183 840 1207 ad
860 1181 958 1207 Δοίιαη.

477 1222 508 1246 V.
528 1220 557 1243 H.
582 1220 635 1245 0.
651 1219 693 1244 IV.
720 1221 760 1248 28.
804 1218 857 1243 Hac
881 1217 911 1242 de
934 1225 959 1242 re

478 1249 596 1273 eumdem
614 1249 670 1273 huic
684 1249 740 1273 loco
757 1247 853 1274 ſenſum
869 1246 961 1280 aſingit

475 1288 515 1312 Cl.
537 1286 665 1312 Albeitius
688 1286 712 1310 ἴῃ
731 1286 806 1313 Petic.
824 1286 884 1311 Ciit,
903 1291 960 1315 pag-

478 1323 535 1350 χο.
557 1317 620 1344 (πες
637 1318 745 1341 mutavit
765 1317 910 1342 ſententiom
929 1317 959 1341 ad

475 1356 583 1386 Heſyeh.
601 1355 634 1379 Ν.
665 1352 824 1387 ᾿Αναλῦσαι,
854 1354 897 1378 ubi
919 1354 959 1377 vi-

476 1388 572 1412 dendus
590 1386 624 1411 eſt
641 1386 783 1416 Kuſterus.)
813 1386 886 1418 Usque
902 1385 958 1409 dumn

475 1418 523 1451 {Ὁ}
541 1418 675 1443 concubitus
685 1419 754 1450 ſatur
776 1418 890 1446 vedienit,
915 1417 957 1442 ſeu

474 1456 589 1488 receſſerit
634 1456 709 1483 Quod
723 1463 737 1479 ἃ
757 1462 840 1480 mente
859 1456 957 1480 Aucto-

475 1489 508 1515 ris
530 1489 601 1522 plane
619 1490 729 1514 alienum
745 1489 788 1514 eſt.
829 1490 958 1520 Quemad-

476 1524 584 1548 modum
600 1522 677 1550 enim,
697 1520 775 1548 πάλιν
791 1521 880 1549 αὐταις
895 1521 957 1549 ἀπέ-

475 1562 539 1587 δωκε
556 1560 604 1592 τὴν
621 1561 648 1592 ἐξ
661 1560 750 1593 ἀρχῆς
764 1559 855 1593 φύσιν,
874 1568 957 1593 oppo-

474 1635 544 1658 ρȣς,
562 1628 596 1654 ita
621 1630 663 1654 ſibi
682 1636 803 1654 contraria
825 1631 880 1655 ſunt
901 1628 957 1654 ἀνέ-

474 1670 541 1692 λυσε
556 1673 581 1689 et
596 1665 716 1698 ἐῤῥίζωσε.
752 1666 876 1694 Reſolvit,
895 1672 956 1695 quas

475 1696 543 1728 quaſi
565 1705 609 1728 per
632 1697 725 1722 radices
744 1697 769 1721 in
786 1704 847 1723 τοῦτα
865 1698 956 1726 defixe-

473 1742 521 1759 rat.
557 1736 643 1766 Atque
659 1733 691 1758 ita
713 1734 779 1767 capit
794 1736 831 1763 ΟἹ,
849 1734 956 1760 Valcke-

473 1767 571 1791 narius:,,
603 1766 737 1796 Albertio
772 1774 821 1790 non
857 1766 956 1791 intelle-

473 1808 564 1831 ,,ctum
587 1800 696 1828 ἀνέλυσε
719 1802 780 1834 quid
804 1810 892 1832 notet,
916 1802 955 1826 vi-

475 1836 548 1866 ,,ciia
567 1837 712 1861 monſtiant,
733 1843 814 1867 usque
830 1837 891 1860 dum
904 1843 956 1862 eas,

476 1871 594 1902 ,,expleta
610 1871 732 1897 libidine,
759 1876 878 1902 tanquam
895 1872 955 1896 defi-

473 1911 535 1935 ,,xas
552 1905 694 1931 ſolveret
732 1907 813 1934 Loca,
839 1912 901 1935 quae
917 1904 956 1928 in-

473 1938 564 1961 dicavit
586 1938 631 1965 γις
653 1937 690 1961 ΟἹ.
720 1937 769 1959 fere
798 1935 956 1966 παράλληλα

474 1977 540 2003 ſunt.
575 1977 675 2004 Lucian.
693 1978 725 2005 T.
742 1980 778 2004 IlI.
806 1987 813 2010 p
838 1977 897 2003 ὅτό.
913 1982 953 2008 29.

482 2006 569 2032 Ἄτινα
583 2016 618 2039 μὲ
638 2004 677 2040 καὶ
693 2005 725 2031 ὡς
742 2004 825 2037 σηλὴν
845 2004 954 2033 ἀναυδον

475 2044 591 2074 ἔϑηκαν,
618 2042 715 2074 μέχρις
736 2042 765 2069 αν
784 2041 800 2073 ἡ
819 2041 908 2075 χρηςή
925 2052 954 2068 σȣ

474 2076 560 2106 λαλια
577 2076 716 2105 λιϑȣμενον
733 2077 850 2105 ἀνέλυσε.
895 2081 953 2106 Plu-

474 2118 553 2145 tarch,
575 2119 609 2145 T.
628 2118 657 2142 11.
682 2122 735 2146 Pag.
752 2117 810 2146 985.
837 2118 868 2142 A.
904 2116 954 2142 Ubi

474 1594 518 1618 ſita
537 1592 593 1618 ſunt
609 1594 660 1618 his:
686 1592 724 1628 καὶ
733 1588 858 1623 ἐποίησεν
875 1592 957 1624 αἰγεί-

500 2143 567 2174 lyxes
583 2143 679 2171 Cucae,
697 2149 760 2174 quae
775 2142 854 2169 iocios
871 2144 895 2168 in
912 2144 956 2168 be-

961 2147 974 2153 -

491 2179 529 2209 ἴὰς
550 2182 725 2213 converterat,
757 2181 830 2208 dicit:
865 2180 955 2209 Τȣτȣς

1383 875 1477 906 νεται

994 968 1023 992 δέ
1037 977 1084 1000 μοι
1099 967 1144 993 δὸς
1159 966 1311 994 ἀναλύσασα
1334 964 1374 1002 καὶ
1396 964 1474 999 'χάρι-

996 1013 1034 1039 σαι
1049 1003 1097 1030 τȣς
1112 1001 1214 1037 ἄνδρας.
1252 1008 1350 1035 ΝΕΒΗ͂,

1027 1073 1063 1098 Αἱ
1088 1068 1233 1109 χαράδραι)
1264 1074 1367 1107 Xyland.
1391 1074 1476 1105 vnlles,

994 1109 1113 1137 Mallem,
1135 1107 1214 1141 foſine.
1251 1109 1327 1135 Gloſſ.
1343 1110 1393 1136 Vet
1418 1110 1474 1135 Xα-

994 1140 1092 1176 ράδρα,
1115 1142 1191 1175 fous,
1218 1145 1298 1173 valli.
1340 1146 1385 1172 Vel
1410 1153 1475 1170 certe

994 1189 1117 1209 torrentes.
1137 1181 1194 1211 Vid.
1210 1184 1316 1217 Heſych.
1345 1184 1474 1211 ΜΌΝΟΙ.

1030 1246 1078 1284 Και
1092 1246 1196 1281 ἐγένετο
1219 1244 1361 1281 ὑλοφάγος
1376 1244 1474 1280 κεράμ-

994 1280 1068 1313 βυξ)
1102 1282 1242 1312 lnterpres:
1267 1284 1424 1306 mutaverunt
1447 1283 1484 1306 in

995 1317 1175 1349 Cerambycem,
1201 1326 1259 1349 quae
1275 1317 1307 1348 eſt
1322 1318 1376 1344 avis
1400 1317 1475 1352 ligni-

992 1359 1061 1377 vora.
1104 1352 1183 1385 Arqui
1206 1352 1344 1384 Cerambyx
1364 1359 1417 1378 non
1439 1352 1475 1379 eſt

992 1387 1062 1419 avis,
1085 1386 1126 1412 ſed
1148 1385 1207 1418 ζῶον
1231 1384 1349 1417 κανϑάρω
1373 1383 1474 1417 ὅμοιον,

991 1427 1021 1445 ut
1036 1420 1149 1453 loquitur
1162 1421 1308 1454 Heſychius.
1335 1415 1402 1446 Haee
1418 1430 1476 1446 ver-

993 1455 1025 1480 ba
1047 1455 1080 1480 ita
1102 1463 1239 1481 verterem:
1273 1456 1358 1481 Factus
1381 1456 1411 1487 ęſt
1431 1457 1482 1488 Ce-

992 1489 1105 1520 ranlyx,
1131 1490 1193 1521 quod
1206 1490 1237 1520 eſt
1250 1489 1363 1523 inſectum
1374 1489 1474 1523 frondi-

993 1531 1095 1552 ΦΟΥΉΜΙ,
1125 1522 1310 1556 couſpiciturue
1329 1532 1356 1549 in
1380 1524 1474 1553 arhori-

993 1558 1052 1586 hus,
1089 1558 1171 1583 turvis
1203 1552 1329 1587 dentibus,
1364 1553 1474 1585 maxillas

988 1590 1080 1624 ſemper
1095 1599 1210 1619 movens,
1225 1586 1284 1620 οἷς,
1321 1591 1396 1620 Ξύλα
1418 1592 1474 1617 ſunt

993 1632 1103 1659 arhores.
1148 1632 1238 1657 Geneſ-
1257 1632 1318 1665 Gap.
1335 1633 1391 1659 Π|.-
1406 1629 1483 1659 Ὅτι’

993 1661 1075 1689 καλὸν
1096 1661 1130 1689 τὸ
1155 1661 1231 1693 ξύλον
1250 1665 1286 1688 εἰς
1308 1662 1402 1695 βφῶσιν
1424 1671 1473 1691 etc.
1496 1666 1501 1671 ΄

992 1704 1029 1730 Pſ
1045 1706 1065 1730 I.
1086 1703 1121 1728 νῇ
1139 1709 1162 1736 2.
1193 1699 1241 1736 Καὶ
1260 1698 1317 1736 ἔςαι
1333 1698 1362 1727 ὡς
1380 1700 1413 1727 τὸ
1430 1701 1472 1732 ξύ-

991 1738 1038 1760 λον
1052 1734 1249 1766 πεφυτευμένον
1258 1732 1328 1766 παρὰ
1343 1732 1392 1760 τὰς
1408 1735 1472 1765 διεξ-

992 1767 1051 1797 οδȣς
1072 1770 1122 1794 τῶν
1145 1767 1252 1796 ὑδάτων.
1289 1771 1378 1797 Eccleſ.
1398 1771 1426 1798 C.
1444 1773 1473 1797 Il.

994 1810 1033 1828 το.
1067 1801 1218 1836 Ἐφύτευσα
1236 1805 1260 1832 ἐν
1280 1801 1372 1829 αὐτοῖς
1394 1801 1472 1833 ξύλον

992 1840 1040 1865 πᾶν
1057 1839 1150 1874 καρπȣ.
1185 1841 1216 1866 ἔτ
1231 1841 1262 1865 ſic
1278 1841 1348 1872 ſaepe
1364 1840 1423 1867 alibi
1438 1841 1483 1868 {Πὲ’

992 1906 1062 1924 more
1077 1893 1236 1935 Ambroſius,
1251 1903 1361 1924 Hexaẽm.
1381 1905 1435 1926 Lib.
1452 1905 1472 1925 I.

993 1871 1152 1902 Inteipretes.
1207 1870 1286 1898 Etium
1305 1871 1482 1899 Graecorum

992 1947 1013 1964 c.
1028 1947 1054 1973 4.
1080 1941 1144 1974 ligna
1161 1940 1289 1975 fructiſera
1306 1942 1414 1975 appellat
1434 1949 1472 1972 ἂρ
1460 1944 1475 1976 -

992 1976 1065 2002 bores
1089 1976 1199 2001 ſructum
1220 1978 1332 2002 edentes.
1366 1974 1473 2009 Liguum

988 2008 1131 2042 pomifeium
1152 2009 1186 2034 eſt
1209 2011 1274 2043 apud
1291 2011 1347 2035 Vet.
1366 2010 1472 2041 Interpr.

990 2049 1082 2080 Genel.
1099 2049 1159 2081 Cap.
1175 2048 1192 2074 1,
1207 2050 1241 2075 vſ.
1259 2057 1300 2077 11.
1336 2050 1385 2075 Ubi
1396 2049 1472 2079 Juni-

989 2082 1037 2107 lius
1053 2082 1166 2115 Epiſcop.
1185 2081 1260 2111 Αἴτις,
1296 2082 1365 2109 Potet
1389 2090 1418 2107 ex
1434 2083 1471 2109 his

989 2114 1068 2139 νειός
1089 2114 1155 2141 Det,
1190 2114 1245 2145 quia
1270 2120 1344 2140 veruo
1366 2119 1471 2146 tempore

991 2149 1075 2174 mundi
1095 2149 1211 2181 perfectus
1234 2149 1265 2180 eſt
1286 2155 1395 2177 ornotus.
1440 2149 1471 2175 In

990 2182 1031 2210 hoc
1045 2184 1108 2210 enim
1117 2182 1196 2218 ſolent
1209 2182 1293 2218 herbae
1309 2184 1412 2210 virentes
1427 2189 1470 2216 ap-

1387 2212 1480 2252 parerè
