<PcGts xmlns="http://schema.primaresearch.org/PAGE/gts/pagecontent/2019-07-15" xmlns:xsi="http://www.w3.org/2001/XMLSchema-instance" pcGtsId="PAGE_01" xsi:schemaLocation="http://schema.primaresearch.org/PAGE/gts/pagecontent/2019-07-15 http://schema.primaresearch.org/PAGE/gts/pagecontent/2019-07-15/pagecontent.xsd">
  <Metadata>
    <Creator>OCR-D DFG Phase III</Creator>
    <Created>2024-01-19T13:07:20Z</Created>
    <LastChange>2024-01-19T13:07:20Z</LastChange>
    <Comments>ODEM: OCR-D extension for mass digitization (2021-2024)</Comments>
  </Metadata>
  <Page imageFilename="urn+nbn+de+gbv+3+1-143149-p0051-4_grc+lat.jpg" imageWidth="1720" imageHeight="2581" type="content" secondaryLanguage="Latin" primaryLanguage="Greek">
    <Border>
      <Coords points="107,119 73,2514 1501,2510 1493,111"/>
    </Border>
    <ReadingOrder>
      <OrderedGroup id="ro_1651566362505" caption="Regions reading order">
        <RegionRefIndexed index="0" regionRef="region0000"/>
        <RegionRefIndexed index="1" regionRef="region0001"/>
      </OrderedGroup>
    </ReadingOrder>
    <TextRegion orientation="0.5075613" readingDirection="left-to-right" id="region0000" custom="readingOrder {index:0;}">
      <Coords points="465,260 1213,260 1213,307 465,307"/>
      <TextLine id="region0000_line0001" custom="readingOrder {index:0;}">
        <Coords points="465,261 465,307 944,307 949,302 951,292 996,293 1000,290 1069,290 1070,299 1075,304 1156,304 1159,307 1212,304 1212,260"/>
        <Word id="region0000_line0001_word0000" custom="readingOrder {index:0;}">
          <Coords points="590,307 590,280 469,281 469,307"/>
          <TextEquiv conf="0.92482483">
            <Unicode>ΠΕΡῚ</Unicode>
          </TextEquiv>
        </Word>
        <Word id="region0000_line0001_word0001" custom="readingOrder {index:1;}">
          <Coords points="900,307 900,278 629,281 629,307"/>
          <TextEquiv conf="0.45806488">
            <Unicode>IITAOTTOY</Unicode>
          </TextEquiv>
        </Word>
        <Word id="region0000_line0001_word0003" custom="readingOrder {index:2;}">
          <Coords points="1211,304 1211,276 1165,277 1165,306"/>
          <TextEquiv conf="0.9595703">
            <Unicode>39</Unicode>
          </TextEquiv>
        </Word>
        <TextEquiv>
          <Unicode>ΠΕΡῚ IITAOTTOY 39</Unicode>
        </TextEquiv>
      </TextLine>
      <TextEquiv>
        <Unicode>ΠΕΡῚ IITAOTTOY “- 39</Unicode>
      </TextEquiv>
    </TextRegion>
    <TextRegion orientation="0.5075613" readingDirection="left-to-right" id="region0001" custom="readingOrder {index:1;}">
      <Coords points="152,346 1287,346 1287,2303 152,2303"/>
      <TextLine id="region0001_line0001" custom="readingOrder {index:0;}">
        <Coords points="297,349 292,354 290,371 209,369 205,359 191,357 185,362 182,372 153,373 152,422 165,423 176,415 220,410 371,410 409,413 458,408 743,406 748,403 760,403 764,406 1056,402 1058,407 1070,409 1078,403 1272,398 1277,393 1277,364 1274,360 1218,359 1215,347 1192,347 1193,359 1167,360 1163,346 1141,346 1135,351 1133,361 1119,362 1067,360 1035,362 1034,353 1027,346 986,347 986,363 922,362 919,352 914,348 892,348 887,352 884,363 796,364 800,358 801,346 781,346 779,357 760,355 754,358 749,366 732,366 727,354 709,353 705,356 702,367 693,367 691,357 684,349 671,350 667,355 666,365 565,364 563,356 558,352 546,354 541,363 538,356 532,352 511,351 505,358 505,368 500,370 481,370 478,361 470,355 456,358 452,370 412,371 366,368 364,355 359,350"/>
        <Word id="region0001_line0001_word0000" custom="readingOrder {index:0;}">
          <Coords points="195,357 190,357 185,362 182,372 156,372 156,407 270,406 270,370 209,369 205,359"/>
          <TextEquiv conf="0.81166273">
            <Unicode>μέντοι</Unicode>
          </TextEquiv>
        </Word>
        <Word id="region0001_line0001_word0001" custom="readingOrder {index:1;}">
          <Coords points="362,353 292,354 292,354 290,371 287,371 287,401 409,400 409,371 366,368 364,355"/>
          <TextEquiv conf="0.76459765">
            <Unicode>οἶσθα.</Unicode>
          </TextEquiv>
        </Word>
        <Word id="region0001_line0001_word0002" custom="readingOrder {index:2;}">
          <Coords points="444,370 444,395 472,395 472,359 455,359 452,370"/>
          <TextEquiv conf="0.96544075">
            <Unicode>εἰ</Unicode>
          </TextEquiv>
        </Word>
        <Word id="region0001_line0001_word0003" custom="readingOrder {index:3;}">
          <Coords points="535,354 507,354 505,358 505,368 500,370 497,370 497,394 556,393 556,354 545,354 541,363 538,356"/>
          <TextEquiv conf="0.92302394">
            <Unicode>οἷοί</Unicode>
          </TextEquiv>
        </Word>
        <Word id="region0001_line0001_word0004" custom="readingOrder {index:4;}">
          <Coords points="577,368 617,368 617,392 577,392"/>
          <TextEquiv conf="0.84651583">
            <Unicode>τε</Unicode>
          </TextEquiv>
        </Word>
        <Word id="region0001_line0001_word0005" custom="readingOrder {index:5;}">
          <Coords points="633,364 633,394 685,393 685,353 668,353 667,355 666,365"/>
          <TextEquiv conf="0.95958936">
            <Unicode>σοὶ</Unicode>
          </TextEquiv>
        </Word>
        <Word id="region0001_line0001_word0006" custom="readingOrder {index:6;}">
          <Coords points="707,354 707,393 816,392 816,363 796,364 800,358 801,346 781,346 779,357 760,355 754,358 749,366 732,366 727,354 709,353"/>
          <TextEquiv conf="0.9657589">
            <Unicode>ἐκεῖνοι</Unicode>
          </TextEquiv>
        </Word>
        <Word id="region0001_line0001_word0007" custom="readingOrder {index:7;}">
          <Coords points="919,352 886,352 884,363 840,363 840,392 963,391 963,362 922,362"/>
          <TextEquiv conf="0.90291756">
            <Unicode>ταῦτα</Unicode>
          </TextEquiv>
        </Word>
        <Word id="region0001_line0001_word0008" custom="readingOrder {index:8;}">
          <Coords points="985,362 985,399 1096,398 1096,361 1067,360 1035,362 1034,353 1027,346 986,347 986,363"/>
          <TextEquiv conf="0.33462578">
            <Unicode>ὀξνα!.</Unicode>
          </TextEquiv>
        </Word>
        <Word id="region0001_line0001_word0009" custom="readingOrder {index:9;}">
          <Coords points="1130,361 1130,387 1158,387 1158,346 1141,346 1135,351 1133,361"/>
          <TextEquiv conf="0.960025">
            <Unicode>ὦ</Unicode>
          </TextEquiv>
        </Word>
        <Word id="region0001_line0001_word0010" custom="readingOrder {index:10;}">
          <Coords points="1170,359 1170,389 1210,389 1210,347 1192,347 1193,359"/>
          <TextEquiv conf="0.9678279">
            <Unicode>σὺ</Unicode>
          </TextEquiv>
        </Word>
        <TextEquiv>
          <Unicode>μέντοι οἶσθα. εἰ οἷοί τε σοὶ ἐκεῖνοι ταῦτα ὀξνα!. ὦ σὺ</Unicode>
        </TextEquiv>
      </TextLine>
      <TextLine id="region0001_line0002" custom="readingOrder {index:1;}">
        <Coords points="748,404 735,417 733,428 635,428 635,412 630,408 620,408 611,410 603,416 601,430 576,427 571,423 561,423 555,427 461,430 462,414 457,410 446,410 441,414 436,429 416,430 408,420 395,420 391,423 389,431 294,434 295,416 291,413 282,413 276,418 270,434 232,432 226,426 209,427 203,433 152,433 152,473 180,475 192,482 205,485 260,485 274,481 284,474 447,471 451,476 463,477 470,471 504,469 642,467 663,469 691,468 697,479 710,481 718,475 720,467 852,467 858,468 869,478 882,476 888,467 1038,464 1099,470 1116,468 1123,475 1135,475 1142,466 1151,464 1159,464 1167,474 1176,474 1184,464 1258,463 1263,458 1262,428 1257,423 1088,422 1086,412 1080,407 1070,410 1057,409 1052,415 1051,423 1000,423 989,408 975,409 971,423 910,424 900,408 889,407 883,414 882,426 826,425 817,416 806,416 797,428 770,429 765,427 764,407 760,404"/>
        <Word id="region0001_line0002_word0000" custom="readingOrder {index:0;}">
          <Coords points="157,433 158,464 352,462 351,432 294,434 295,416 291,413 282,413 276,418 270,434 232,432 226,426 209,427 203,433"/>
          <TextEquiv conf="0.68596894">
            <Unicode>τυγχάνεις</Unicode>
          </TextEquiv>
        </Word>
        <Word id="region0001_line0002_word0001" custom="readingOrder {index:1;}">
          <Coords points="370,431 371,462 571,460 570,423 561,423 555,427 461,430 462,414 457,410 446,410 441,414 436,429 416,430 408,420 395,420 391,423 389,431"/>
          <TextEquiv conf="0.0">
            <Unicode>αἰτδμενος"</Unicode>
          </TextEquiv>
        </Word>
        <Word id="region0001_line0002_word0002" custom="readingOrder {index:2;}">
          <Coords points="602,421 603,464 718,463 717,428 635,428 635,412 630,408 620,408 611,410 603,416"/>
          <TextEquiv conf="0.22386497">
            <Unicode>ὥσπερ</Unicode>
          </TextEquiv>
        </Word>
        <Word id="region0001_line0002_word0003" custom="readingOrder {index:3;}">
          <Coords points="728,428 729,449 774,448 773,428 770,429 765,427 764,407 760,404 748,404 735,417 733,428"/>
          <TextEquiv conf="0.9606244">
            <Unicode>ὧν</Unicode>
          </TextEquiv>
        </Word>
        <Word id="region0001_line0002_word0004" custom="readingOrder {index:4;}">
          <Coords points="791,428 792,449 818,449 817,416 817,416 806,416 797,428"/>
          <TextEquiv conf="0.9630288">
            <Unicode>εἰ</Unicode>
          </TextEquiv>
        </Word>
        <Word id="region0001_line0002_word0005" custom="readingOrder {index:5;}">
          <Coords points="833,425 834,460 921,459 920,423 910,424 900,408 889,407 883,414 882,426"/>
          <TextEquiv conf="0.92887527">
            <Unicode>“πρὸς</Unicode>
          </TextEquiv>
        </Word>
        <Word id="region0001_line0002_word0006" custom="readingOrder {index:6;}">
          <Coords points="940,423 941,447 1011,446 1010,423 1000,423 989,408 975,409 971,423"/>
          <TextEquiv conf="0.9599675">
            <Unicode>τὰς</Unicode>
          </TextEquiv>
        </Word>
        <Word id="region0001_line0002_word0007" custom="readingOrder {index:7;}">
          <Coords points="1033,423 1034,446 1080,446 1079,407 1070,410 1057,409 1052,415 1051,423"/>
          <TextEquiv conf="0.69062394">
            <Unicode>τῷ</Unicode>
          </TextEquiv>
        </Word>
        <Word id="region0001_line0002_word0008" custom="readingOrder {index:8;}">
          <Coords points="1093,422 1094,457 1210,456 1209,422"/>
          <TextEquiv conf="0.66555995">
            <Unicode>Ὑραμ-</Unicode>
          </TextEquiv>
        </Word>
        <TextEquiv>
          <Unicode>τυγχάνεις αἰτδμενος" ὥσπερ ὧν εἰ “πρὸς τὰς τῷ Ὑραμ-</Unicode>
        </TextEquiv>
      </TextLine>
      <TextLine id="region0001_line0003" custom="readingOrder {index:2;}">
        <Coords points="630,468 624,475 627,490 617,490 614,478 607,472 598,472 593,476 592,490 512,491 507,489 508,476 504,471 490,471 485,478 472,475 463,478 448,475 400,478 394,483 392,492 299,484 293,479 285,479 268,484 265,495 153,499 152,548 164,548 172,541 198,538 307,538 312,544 319,545 329,536 387,534 394,528 404,528 410,533 493,533 511,541 520,539 525,532 603,530 652,533 657,537 667,536 672,532 766,532 772,538 781,537 787,531 891,530 895,539 907,540 914,530 952,528 1043,538 1062,527 1068,527 1075,536 1085,536 1092,528 1096,528 1102,536 1111,536 1119,527 1248,524 1258,522 1263,517 1263,486 1258,481 1155,483 1151,480 1142,480 1137,484 1110,487 920,488 919,474 914,470 904,470 898,475 894,489 888,490 870,490 869,479 860,473 843,473 838,469 827,469 821,475 821,490 774,490 773,482 767,476 755,477 750,491 730,491 721,483 711,483 704,491 698,491 694,479 687,474 672,474 658,490 651,490 652,478 648,471"/>
        <Word id="region0001_line0003_word0000" custom="readingOrder {index:0;}">
          <Coords points="156,498 156,527 293,526 293,479 285,479 268,484 265,495"/>
          <TextEquiv conf="0.0">
            <Unicode>pisi</Unicode>
          </TextEquiv>
        </Word>
        <Word id="region0001_line0003_word0001" custom="readingOrder {index:1;}">
          <Coords points="309,484 309,527 435,525 435,477 409,477 400,478 394,483 392,492"/>
          <TextEquiv conf="0.8880563">
            <Unicode>Φοιτῶν</Unicode>
          </TextEquiv>
        </Word>
        <Word id="region0001_line0003_word0002" custom="readingOrder {index:2;}">
          <Coords points="453,476 453,528 566,527 566,490 512,491 507,489 508,476 504,471 490,471 485,478 472,475 463,478"/>
          <TextEquiv conf="0.9190245">
            <Unicode>ϑύρας</Unicode>
          </TextEquiv>
        </Word>
        <Word id="region0001_line0003_word0003" custom="readingOrder {index:3;}">
          <Coords points="581,490 581,522 801,520 801,490 774,490 773,482 767,476 755,477 750,491 730,491 721,483 711,483 704,491 698,491 694,479 687,474 672,474 658,490 651,490 652,478 648,471 630,468 624,475 627,490 617,490 614,478 607,472 598,472 593,476 592,490"/>
          <TextEquiv conf="0.85085595">
            <Unicode>ἀντιβολοίης</Unicode>
          </TextEquiv>
        </Word>
        <Word id="region0001_line0003_word0004" custom="readingOrder {index:4;}">
          <Coords points="822,474 822,523 912,522 912,470 904,470 898,475 894,489 888,490 870,490 869,479 860,473 843,473 838,469 827,469"/>
          <TextEquiv conf="0.27341706">
            <Unicode>dava</Unicode>
          </TextEquiv>
        </Word>
        <Word id="region0001_line0003_word0005" custom="readingOrder {index:5;}">
          <Coords points="935,487 935,510 984,510 984,487"/>
          <TextEquiv conf="0.6963156">
            <Unicode>cei</Unicode>
          </TextEquiv>
        </Word>
        <Word id="region0001_line0003_word0006" custom="readingOrder {index:6;}">
          <Coords points="1013,487 1013,519 1103,519 1103,487"/>
          <TextEquiv conf="0.10824524">
            <Unicode>yeu</Unicode>
          </TextEquiv>
        </Word>
        <Word id="region0001_line0003_word0007" custom="readingOrder {index:7;}">
          <Coords points="1112,486 1112,517 1211,516 1211,481 1155,483 1151,480 1142,480 1137,484"/>
          <TextEquiv conf="0.12903732">
            <Unicode>uti</Unicode>
          </TextEquiv>
        </Word>
        <TextEquiv>
          <Unicode>pisi Φοιτῶν ϑύρας ἀντιβολοίης dava cei yeu uti</Unicode>
        </TextEquiv>
      </TextLine>
      <TextLine id="region0001_line0004" custom="readingOrder {index:3;}">
        <Coords points="394,529 388,534 388,538 398,556 341,557 341,541 329,537 318,547 315,556 259,558 253,548 238,546 233,550 232,559 206,561 200,543 196,540 185,540 180,545 182,561 153,561 152,600 180,600 186,606 196,606 202,600 298,598 318,599 331,607 341,607 349,598 363,597 369,601 380,601 384,597 392,597 407,600 432,599 437,606 447,607 455,598 468,597 477,602 485,602 499,596 658,594 716,595 721,606 730,607 744,595 783,600 789,598 795,604 804,604 814,596 835,594 955,591 957,598 964,601 979,591 1020,590 1026,602 1038,603 1044,598 1046,590 1071,592 1118,588 1275,586 1280,581 1280,550 1276,546 1219,546 1216,534 1210,527 1198,527 1193,531 1192,546 1176,545 1168,540 1158,540 1150,545 1139,540 1133,531 1118,529 1113,534 1113,546 1071,552 1016,550 1012,538 1007,535 996,536 990,552 648,553 638,546 629,546 622,552 610,546 608,538 604,535 593,535 588,539 578,540 575,555 531,556 523,541 511,542 493,535 489,540 490,556 431,559 410,556 413,550 411,534 404,529"/>
        <Word id="region0001_line0004_word0000" custom="readingOrder {index:0;}">
          <Coords points="155,561 156,582 214,581 213,560 206,561 200,543 196,540 185,540 180,545 182,561"/>
          <TextEquiv conf="0.7065618">
            <Unicode>«xv</Unicode>
          </TextEquiv>
        </Word>
        <Word id="region0001_line0004_word0001" custom="readingOrder {index:1;}">
          <Coords points="404,529 393,529 388,534 388,538 398,556 341,557 341,541 329,537 318,547 315,556 259,558 253,548 238,546 235,548 236,584 416,583 415,556 410,556 413,550 411,534"/>
          <TextEquiv conf="0.33090165">
            <Unicode>ἐπιξήμηνγ</Unicode>
          </TextEquiv>
        </Word>
        <Word id="region0001_line0004_word0002" custom="readingOrder {index:2;}">
          <Coords points="441,558 442,584 539,584 538,555 531,556 523,541 511,542 493,535 489,540 490,556"/>
          <TextEquiv conf="0.7314682">
            <Unicode>μηθὲν</Unicode>
          </TextEquiv>
        </Word>
        <Word id="region0001_line0004_word0003" custom="readingOrder {index:3;}">
          <Coords points="575,555 575,572 670,571 670,553 648,553 638,546 629,546 622,552 610,546 608,538 604,535 593,535 588,539 578,540 575,555"/>
          <TextEquiv conf="0.7982248">
            <Unicode>ἄλλο</Unicode>
          </TextEquiv>
        </Word>
        <Word id="region0001_line0004_word0004" custom="readingOrder {index:4;}">
          <Coords points="691,553 692,582 1072,579 1071,552 1071,552 1016,550 1012,538 1007,535 996,536 990,552"/>
          <TextEquiv conf="0.7628947">
            <Unicode>πραγματευσαμένῳ,</Unicode>
          </TextEquiv>
        </Word>
        <Word id="region0001_line0004_word0005" custom="readingOrder {index:5;}">
          <Coords points="1116,530 1117,566 1152,566 1151,544 1150,545 1139,540 1133,531 1118,529"/>
          <TextEquiv conf="0.39093217">
            <Unicode>OA</Unicode>
          </TextEquiv>
        </Word>
        <Word id="region0001_line0004_word0006" custom="readingOrder {index:6;}">
          <Coords points="1157,540 1158,566 1211,566 1210,527 1210,527 1198,527 1193,531 1192,546 1176,545 1168,540 1158,540"/>
          <TextEquiv conf="0.223927">
            <Unicode>AG</Unicode>
          </TextEquiv>
        </Word>
        <TextEquiv>
          <Unicode>«xv ἐπιξήμηνγ μηθὲν ἄλλο πραγματευσαμένῳ, OA AG</Unicode>
        </TextEquiv>
      </TextLine>
      <TextLine id="region0001_line0005" custom="readingOrder {index:4;}">
        <Coords points="1127,589 1121,595 1122,608 987,611 986,598 977,594 964,602 961,612 877,615 845,615 846,601 842,596 835,595 826,599 819,616 801,617 793,616 787,601 772,599 767,599 764,604 765,617 756,618 752,602 745,597 730,608 732,617 629,619 624,618 624,609 618,602 592,604 587,618 414,618 410,603 404,599 390,601 390,619 387,618 386,610 381,603 361,601 352,609 347,619 316,620 307,612 297,612 290,620 185,622 185,609 181,603 152,602 152,662 159,662 166,669 176,669 182,662 336,660 347,663 401,659 487,659 493,668 510,670 517,658 521,665 529,669 624,667 630,659 636,658 699,660 706,664 726,661 730,665 741,666 746,660 770,658 820,656 826,662 835,662 841,656 847,655 924,654 930,665 945,666 950,662 953,654 977,652 1263,649 1268,644 1268,631 1278,625 1278,594 1273,589 1191,590 1183,598 1181,608 1147,608 1139,590"/>
        <Word id="region0001_line0005_word0000" custom="readingOrder {index:0;}">
          <Coords points="156,602 156,651 273,650 273,620 185,622 185,609 181,603"/>
          <TextEquiv conf="0.88193345">
            <Unicode>ἥντινα</Unicode>
          </TextEquiv>
        </Word>
        <Word id="region0001_line0005_word0001" custom="readingOrder {index:1;}">
          <Coords points="296,613 296,646 422,645 422,618 414,618 410,603 404,599 390,601 390,619 387,618 386,610 381,603 361,601 352,609 347,619 316,620 307,612 297,612"/>
          <TextEquiv conf="0.6393555">
            <Unicode>λαίων</Unicode>
          </TextEquiv>
        </Word>
        <Word id="region0001_line0005_word0002" custom="readingOrder {index:2;}">
          <Coords points="441,618 441,656 569,655 569,618"/>
          <TextEquiv conf="0.34218505">
            <Unicode>gregory</Unicode>
          </TextEquiv>
        </Word>
        <Word id="region0001_line0005_word0003" custom="readingOrder {index:3;}">
          <Coords points="584,618 584,648 642,648 642,618 629,619 624,618 624,609 618,602 592,604 587,618"/>
          <TextEquiv conf="0.39575386">
            <Unicode>erp</Unicode>
          </TextEquiv>
        </Word>
        <Word id="region0001_line0005_word0004" custom="readingOrder {index:4;}">
          <Coords points="688,617 688,646 747,646 747,598 745,597 730,608 732,617"/>
          <TextEquiv conf="0.49946335">
            <Unicode>ΚΟ</Unicode>
          </TextEquiv>
        </Word>
        <Word id="region0001_line0005_word0005" custom="readingOrder {index:5;}">
          <Coords points="765,617 765,644 888,642 888,614 877,615 845,615 846,601 842,596 835,595 826,599 819,616 801,617 793,616 787,601 772,599 767,599 765,602"/>
          <TextEquiv conf="0.6609764">
            <Unicode>δυνήσει</Unicode>
          </TextEquiv>
        </Word>
        <Word id="region0001_line0005_word0006" custom="readingOrder {index:6;}">
          <Coords points="901,614 901,648 1073,647 1073,609 987,611 986,598 977,594 964,602 961,612"/>
          <TextEquiv conf="0.37281272">
            <Unicode>πορώττον</Unicode>
          </TextEquiv>
        </Word>
        <Word id="region0001_line0005_word0007" custom="readingOrder {index:7;}">
          <Coords points="1087,608 1087,636 1138,635 1138,592 1123,592 1121,595 1122,608"/>
          <TextEquiv conf="0.71655166">
            <Unicode>τὰ</Unicode>
          </TextEquiv>
        </Word>
        <Word id="region0001_line0005_word0008" custom="readingOrder {index:8;}">
          <Coords points="1163,608 1163,637 1211,637 1211,596 1185,596 1183,598 1181,608"/>
          <TextEquiv conf="0.9475182">
            <Unicode>τῷ</Unicode>
          </TextEquiv>
        </Word>
        <TextEquiv>
          <Unicode>ἥντινα λαίων gregory erp ΚΟ δυνήσει πορώττον τὰ τῷ</Unicode>
        </TextEquiv>
      </TextLine>
      <TextLine id="region0001_line0006" custom="readingOrder {index:5;}">
        <Coords points="1127,651 1111,656 1106,664 1042,662 1037,657 1029,657 1015,667 1013,675 860,676 855,664 841,663 838,666 835,676 829,676 822,671 812,671 800,679 799,670 794,664 771,664 764,671 764,680 757,682 749,681 746,671 735,666 725,667 720,680 658,680 657,672 649,664 628,664 624,668 526,670 515,679 445,679 440,668 428,668 415,672 409,682 408,673 404,668 380,666 374,671 372,680 299,681 253,685 153,683 152,734 184,731 196,738 211,728 224,726 228,732 240,734 251,726 258,734 268,734 274,725 345,722 414,723 425,726 432,734 444,733 450,724 468,726 491,721 589,722 649,719 729,721 734,729 746,730 752,721 821,719 867,725 878,720 916,715 974,717 988,720 1077,718 1084,727 1097,727 1105,717 1118,714 1286,710 1287,667 1206,668 1153,672 1147,659 1141,653"/>
        <Word id="region0001_line0006_word0000" custom="readingOrder {index:0;}">
          <Coords points="158,683 158,716 400,714 399,667 380,666 374,671 372,680 299,681 253,685"/>
          <TextEquiv conf="0.0">
            <Unicode>Yenupterisd</Unicode>
          </TextEquiv>
        </Word>
        <Word id="region0001_line0006_word0001" custom="readingOrder {index:1;}">
          <Coords points="414,673 414,716 515,715 515,679 445,679 440,668 428,668 415,672"/>
          <TextEquiv conf="0.5199063">
            <Unicode>ἔργα.</Unicode>
          </TextEquiv>
        </Word>
        <Word id="region0001_line0006_word0002" custom="readingOrder {index:2;}">
          <Coords points="570,669 570,703 700,702 699,680 658,680 657,672 649,664 628,664 624,668"/>
          <TextEquiv conf="0.8429935">
            <Unicode>Ταῦτα</Unicode>
          </TextEquiv>
        </Word>
        <Word id="region0001_line0006_word0003" custom="readingOrder {index:3;}">
          <Coords points="723,671 724,713 791,712 790,664 771,664 764,671 764,680 757,682 749,681 746,671 735,666 725,667"/>
          <TextEquiv conf="0.833362">
            <Unicode>ἐμθ</Unicode>
          </TextEquiv>
        </Word>
        <Word id="region0001_line0006_word0004" custom="readingOrder {index:4;}">
          <Coords points="809,672 810,707 993,706 992,675 860,676 855,664 841,663 838,666 835,676 829,676 822,671 812,671"/>
          <TextEquiv conf="0.7581684">
            <Unicode>λέγοντος,</Unicode>
          </TextEquiv>
        </Word>
        <Word id="region0001_line0006_word0005" custom="readingOrder {index:5;}">
          <Coords points="1019,664 1020,699 1036,699 1035,658 1027,658"/>
          <TextEquiv conf="0.9636737">
            <Unicode>ὁ</Unicode>
          </TextEquiv>
        </Word>
        <Word id="word_1651566240283_8" custom="readingOrder {index:6;}">
          <Coords points="1050,662 1106,664 1111,656 1119,653 1141,653 1147,659 1153,672 1206,668 1208,667 1208,710 1051,712"/>
          <TextEquiv conf="0.4319178">
            <Unicode>Πρόδικος</Unicode>
          </TextEquiv>
        </Word>
        <Word id="word_1651566240283_7" custom="readingOrder {index:7;}">
          <Coords points="1208,667 1257,667 1258,710 1208,710"/>
          <TextEquiv>
            <Unicode>21</Unicode>
          </TextEquiv>
        </Word>
        <TextEquiv>
          <Unicode>Yenupterisd ἔργα. Ταῦτα ἐμθ λέγοντος, ὁ Πρόδικος 21</Unicode>
        </TextEquiv>
      </TextLine>
      <TextLine id="region0001_line0007" custom="readingOrder {index:6;}">
        <Coords points="1197,713 1190,718 1193,735 991,739 991,722 975,719 969,726 966,739 935,741 907,741 905,729 898,722 886,723 882,726 881,741 842,741 839,726 835,723 824,723 816,732 815,742 677,741 678,726 673,721 660,723 651,742 592,743 554,740 551,725 545,722 530,724 529,740 504,740 499,729 489,728 484,732 482,741 471,741 467,727 450,725 445,732 447,742 429,743 425,727 414,724 406,726 405,742 381,743 298,745 298,729 292,725 284,725 276,733 272,746 195,747 194,740 186,733 174,732 168,735 168,749 152,749 153,789 271,787 281,791 292,790 297,794 307,794 314,788 421,784 426,794 441,795 447,790 449,783 558,782 560,790 564,793 577,792 581,782 616,782 620,792 634,794 641,791 646,782 758,780 889,781 893,790 907,791 914,781 975,781 982,789 990,789 997,781 1007,779 1164,781 1175,785 1182,785 1192,779 1207,785 1211,781 1254,778 1277,771 1278,738 1275,734 1218,734 1214,719 1209,714"/>
        <Word id="region0001_line0007_word0000" custom="readingOrder {index:0;}">
          <Coords points="188,735 168,735 168,735 168,749 158,749 159,787 385,785 384,743 381,743 298,745 298,734 276,734 272,746 195,747 194,740"/>
          <TextEquiv conf="0.6896193">
            <Unicode>ἀντανήγετο.</Unicode>
          </TextEquiv>
        </Word>
        <Word id="region0001_line0007_word0001" custom="readingOrder {index:1;}">
          <Coords points="425,729 405,729 405,742 397,742 397,784 421,784 422,787 447,787 449,783 547,782 547,729 529,729 529,740 504,740 499,729 487,729 484,732 482,741 471,741 467,729 446,729 445,732 447,742 429,743"/>
          <TextEquiv conf="0.9511173">
            <Unicode>πρὸς</Unicode>
          </TextEquiv>
        </Word>
        <Word id="region0001_line0007_word0002" custom="readingOrder {index:2;}">
          <Coords points="545,722 543,722 530,724 529,740 506,740 506,782 550,782 550,724"/>
          <TextEquiv conf="0.9511173">
            <Unicode>τὸ</Unicode>
          </TextEquiv>
        </Word>
        <Word id="region0001_line0007_word0003" custom="readingOrder {index:3;}">
          <Coords points="677,730 656,730 651,742 592,743 567,741 568,786 579,785 581,782 616,782 617,785 644,785 646,782 755,780 755,741 677,741"/>
          <TextEquiv conf="0.115964435">
            <Unicode>μειράκιον.</Unicode>
          </TextEquiv>
        </Word>
        <Word id="region0001_line0007_word0004" custom="readingOrder {index:4;}">
          <Coords points="840,732 816,732 815,742 809,741 809,771 852,771 852,741 842,741"/>
          <TextEquiv conf="0.93285364">
            <Unicode>ὡς</Unicode>
          </TextEquiv>
        </Word>
        <Word id="region0001_line0007_word0005" custom="readingOrder {index:5;}">
          <Coords points="903,727 881,727 881,741 871,741 871,780 889,781 890,783 912,783 914,781 975,781 976,783 995,782 997,781 1007,779 1097,780 1097,736 991,739 991,726 968,727 966,739 935,741 907,741 905,729"/>
          <TextEquiv conf="0.57605684">
            <Unicode>ὠμυνέμενος,</Unicode>
          </TextEquiv>
        </Word>
        <Word id="region0001_line0007_word0006" custom="readingOrder {index:6;}">
          <Coords points="1150,735 1151,778 1210,778 1209,721 1190,721 1193,735"/>
          <TextEquiv conf="0.25327742">
            <Unicode>αὶ</Unicode>
          </TextEquiv>
        </Word>
        <TextEquiv>
          <Unicode>ἀντανήγετο. πρὸς τὸ μειράκιον. ὡς ὠμυνέμενος, αὶ</Unicode>
        </TextEquiv>
      </TextLine>
      <TextLine id="region0001_line0008" custom="readingOrder {index:7;}">
        <Coords points="532,784 515,791 513,805 489,807 421,806 420,797 413,790 390,791 385,797 384,807 327,806 296,810 294,797 279,790 257,790 246,805 236,791 223,790 217,796 217,810 184,810 177,799 160,798 155,803 155,810 152,811 152,852 255,848 264,860 281,861 290,856 293,848 298,847 424,846 472,849 579,845 585,857 599,858 606,852 608,844 760,845 766,851 774,851 780,845 846,845 850,850 856,851 863,850 869,845 905,842 1092,840 1126,841 1131,847 1138,848 1147,840 1259,838 1265,832 1265,802 1262,798 1204,798 1206,786 1192,780 1182,786 1179,795 1154,791 1119,793 1113,783 1097,782 1093,786 1093,801 1052,803 1030,801 1029,792 1023,786 1002,786 994,799 857,802 856,793 848,783 839,783 833,788 831,802 802,803 797,797 788,796 786,787 781,783 770,784 765,788 759,783 747,783 741,789 742,803 739,805 722,805 721,796 717,791 702,788 691,789 685,796 684,805 673,805 668,803 666,789 660,783 649,783 645,786 646,805 547,804 546,788 541,784"/>
        <Word id="region0001_line0008_word0000" custom="readingOrder {index:0;}">
          <Coords points="236,792 220,792 217,796 217,810 184,810 177,799 160,798 159,799 159,847 327,845 327,806 296,810 294,797 282,791 255,791 246,805"/>
          <TextEquiv conf="0.90592664">
            <Unicode>ἐπιδείξων</Unicode>
          </TextEquiv>
        </Word>
        <Word id="region0001_line0008_word0001" custom="readingOrder {index:1;}">
          <Coords points="414,791 389,791 385,797 384,807 340,806 340,835 484,834 484,806 421,806 420,797"/>
          <TextEquiv conf="0.5019474">
            <Unicode>ταῦτα,</Unicode>
          </TextEquiv>
        </Word>
        <Word id="region0001_line0008_word0002" custom="readingOrder {index:2;}">
          <Coords points="543,785 527,785 515,791 513,805 512,805 512,844 605,843 605,804 547,804 546,788"/>
          <TextEquiv conf="0.45273685">
            <Unicode>ἅπερ</Unicode>
          </TextEquiv>
        </Word>
        <Word id="region0001_line0008_word0003" custom="readingOrder {index:3;}">
          <Coords points="620,804 620,831 661,831 661,786 645,786 646,805"/>
          <TextEquiv conf="0.932565">
            <Unicode>σὺ</Unicode>
          </TextEquiv>
        </Word>
        <Word id="region0001_line0008_word0004" custom="readingOrder {index:4;}">
          <Coords points="717,792 688,792 685,796 684,805 677,805 677,832 727,832 727,805 722,805 721,796"/>
          <TextEquiv conf="0.8504979">
            <Unicode>vov</Unicode>
          </TextEquiv>
        </Word>
        <Word id="region0001_line0008_word0005" custom="readingOrder {index:5;}">
          <Coords points="763,786 743,786 741,789 742,803 741,803 741,838 794,837 794,796 788,796 786,787 784,786 766,786 765,788"/>
          <TextEquiv conf="0.4930079">
            <Unicode>δή"</Unicode>
          </TextEquiv>
        </Word>
        <Word id="region0001_line0008_word0006" custom="readingOrder {index:6;}">
          <Coords points="850,785 835,785 833,788 831,802 820,802 820,837 1054,835 1054,802 1052,803 1030,801 1029,792 1023,786 1002,786 994,799 857,802 856,793"/>
          <TextEquiv conf="0.40211624">
            <Unicode>ἀγανακτῶν.</Unicode>
          </TextEquiv>
        </Word>
        <Word id="region0001_line0008_word0007" custom="readingOrder {index:7;}">
          <Coords points="1082,801 1082,825 1110,825 1110,784 1095,784 1093,786 1093,801"/>
          <TextEquiv conf="0.7077369">
            <Unicode>οἰ</Unicode>
          </TextEquiv>
        </Word>
        <Word id="region0001_line0008_word0008" custom="readingOrder {index:8;}">
          <Coords points="1196,782 1188,782 1182,786 1179,795 1154,791 1127,792 1127,835 1210,835 1210,798 1204,798 1206,786"/>
          <TextEquiv conf="0.7121686">
            <Unicode>φαί-</Unicode>
          </TextEquiv>
        </Word>
        <TextEquiv>
          <Unicode>ἐπιδείξων ταῦτα, ἅπερ σὺ vov δή" ἀγανακτῶν. οἰ φαί-</Unicode>
        </TextEquiv>
      </TextLine>
      <TextLine id="region0001_line0009" custom="readingOrder {index:8;}">
        <Coords points="1147,841 1138,849 1138,860 1131,859 1119,846 1106,846 1095,860 1088,855 1077,854 1071,860 1053,861 961,861 910,864 906,850 876,848 858,852 813,854 798,864 697,870 694,869 697,854 691,848 679,849 669,868 648,868 647,858 643,852 627,850 622,855 623,869 581,870 579,863 574,859 554,859 545,870 525,868 520,859 512,853 495,854 488,867 475,867 470,861 461,859 449,859 440,867 333,868 332,855 325,850 316,851 311,855 307,868 302,870 200,872 194,867 184,867 178,872 152,873 153,913 260,913 267,923 279,922 284,912 308,911 351,909 358,916 368,916 374,909 442,911 595,910 616,912 633,918 683,917 687,920 698,920 705,912 711,911 793,905 805,905 809,908 981,905 992,906 996,913 1001,913 1022,909 1026,904 1046,902 1180,901 1195,902 1201,908 1209,908 1217,902 1278,901 1283,896 1282,866 1277,861 1222,862 1221,848 1216,843 1200,845 1195,852 1194,862 1164,861 1159,845"/>
        <Word id="region0001_line0009_word0000" custom="readingOrder {index:0;}">
          <Coords points="160,872 161,895 246,894 245,871 200,872 194,867 184,867 178,872"/>
          <TextEquiv conf="0.8163762">
            <Unicode>vórro</Unicode>
          </TextEquiv>
        </Word>
        <Word id="region0001_line0009_word0001" custom="readingOrder {index:1;}">
          <Coords points="269,870 270,905 386,904 385,867 333,868 332,855 325,850 316,851 311,855 307,868 302,870"/>
          <TextEquiv conf="0.18925256">
            <Unicode>TW</Unicode>
          </TextEquiv>
        </Word>
        <Word id="region0001_line0009_word0002" custom="readingOrder {index:2;}">
          <Coords points="462,859 448,859 440,867 409,867 410,894 481,893 480,867 475,867 470,861"/>
          <TextEquiv conf="0.95966387">
            <Unicode>τοῖς</Unicode>
          </TextEquiv>
        </Word>
        <Word id="region0001_line0009_word0003" custom="readingOrder {index:3;}">
          <Coords points="493,857 494,892 587,891 586,869 581,870 579,863 574,859 554,859 545,870 525,868 520,859 512,853 495,854"/>
          <TextEquiv conf="0.963723">
            <Unicode>Θεοῖς</Unicode>
          </TextEquiv>
        </Word>
        <Word id="region0001_line0009_word0004" custom="readingOrder {index:4;}">
          <Coords points="605,869 606,901 796,899 795,864 697,870 694,869 697,854 691,848 679,849 669,868 648,868 647,858 643,852 627,850 622,855 623,869"/>
          <TextEquiv conf="0.6642682">
            <Unicode>εὐχόμενος.</Unicode>
          </TextEquiv>
        </Word>
        <Word id="region0001_line0009_word0005" custom="readingOrder {index:5;}">
          <Coords points="885,848 872,848 858,852 853,852 854,890 944,889 943,862 910,864 906,850"/>
          <TextEquiv conf="0.3958947">
            <Unicode>Εἶτοω</Unicode>
          </TextEquiv>
        </Word>
        <Word id="region0001_line0009_word0006" custom="readingOrder {index:6;}">
          <Coords points="1153,843 1144,843 1138,849 1138,860 1131,859 1119,846 1106,846 1095,860 1088,855 1077,854 1071,860 1053,861 969,861 970,899 1173,897 1172,861 1164,861 1159,845"/>
          <TextEquiv conf="0.5118321">
            <Unicode>προσελθὼν</Unicode>
          </TextEquiv>
        </Word>
        <Word id="region0001_line0009_word0007" custom="readingOrder {index:7;}">
          <Coords points="1197,849 1198,895 1214,895 1213,847 1198,847"/>
          <TextEquiv conf="0.939943">
            <Unicode>à</Unicode>
          </TextEquiv>
        </Word>
        <TextEquiv>
          <Unicode>vórro TW τοῖς Θεοῖς εὐχόμενος. Εἶτοω προσελθὼν à</Unicode>
        </TextEquiv>
      </TextLine>
      <TextLine id="region0001_line0010" custom="readingOrder {index:9;}">
        <Coords points="1068,904 1063,909 1063,922 1032,923 1029,914 1023,909 997,914 994,924 946,926 940,916 924,914 919,918 917,927 890,926 888,916 883,909 867,911 866,927 849,927 848,918 842,911 829,909 823,915 823,928 803,929 736,929 733,921 723,914 709,916 697,930 626,930 625,918 616,913 607,914 597,931 582,931 574,924 563,924 556,930 548,924 538,924 531,931 487,931 485,919 477,913 466,913 462,916 461,931 325,933 320,920 308,919 303,923 299,934 215,936 152,933 152,984 176,984 198,980 202,985 217,985 221,977 300,974 327,975 343,987 352,987 359,983 380,980 394,983 436,974 656,971 744,972 755,980 764,980 771,972 878,967 1007,966 1036,968 1041,973 1050,973 1062,967 1074,967 1081,974 1089,974 1097,965 1266,961 1276,960 1281,955 1281,925 1276,920 1202,921 1201,914 1196,908 1185,907 1179,912 1176,921 1085,924 1083,908 1078,904"/>
        <Word id="region0001_line0010_word0000" custom="readingOrder {index:0;}">
          <Coords points="158,933 158,967 428,965 428,931 325,933 320,920 308,919 303,923 299,934 215,936"/>
          <TextEquiv conf="0.7286687">
            <Unicode>γυμνασίαρχος</Unicode>
          </TextEquiv>
        </Word>
        <Word id="region0001_line0010_word0001" custom="readingOrder {index:1;}">
          <Coords points="453,931 453,967 508,967 508,931 487,931 485,919 477,913 466,913 462,916 461,931"/>
          <TextEquiv conf="0.0">
            <Unicode>coz</Unicode>
          </TextEquiv>
        </Word>
        <Word id="region0001_line0010_word0002" custom="readingOrder {index:2;}">
          <Coords points="540,924 540,952 638,951 638,930 626,930 625,918 616,913 607,914 597,931 582,931 574,924 563,924 556,930 548,924"/>
          <TextEquiv conf="0.0">
            <Unicode>AAT</Unicode>
          </TextEquiv>
        </Word>
        <Word id="region0001_line0010_word0003" custom="readingOrder {index:3;}">
          <Coords points="647,930 647,961 770,960 770,929 736,929 733,921 723,914 709,916 697,930"/>
          <TextEquiv conf="0.1298066">
            <Unicode>TER]</Unicode>
          </TextEquiv>
        </Word>
        <Word id="region0001_line0010_word0004" custom="readingOrder {index:4;}">
          <Coords points="794,929 794,950 897,949 897,926 890,926 888,916 883,909 867,911 866,927 849,927 848,918 842,911 829,909 823,915 823,928 803,929"/>
          <TextEquiv conf="0.87800056">
            <Unicode>αὐτὸν</Unicode>
          </TextEquiv>
        </Word>
        <Word id="region0001_line0010_word0005" custom="readingOrder {index:5;}">
          <Coords points="921,916 921,949 958,949 958,925 946,926 940,916 924,914"/>
          <TextEquiv conf="0.9162094">
            <Unicode>ἐκ</Unicode>
          </TextEquiv>
        </Word>
        <Word id="region0001_line0010_word0006" custom="readingOrder {index:6;}">
          <Coords points="974,924 974,950 1023,949 1023,909 997,914 994,924"/>
          <TextEquiv conf="0.5683087">
            <Unicode>TS</Unicode>
          </TextEquiv>
        </Word>
        <Word id="region0001_line0010_word0007" custom="readingOrder {index:7;}">
          <Coords points="1036,922 1036,957 1213,956 1213,920 1202,921 1201,914 1196,908 1185,907 1179,912 1176,921 1085,924 1083,908 1078,904 1068,904 1063,909 1063,922"/>
          <TextEquiv conf="0.66472745">
            <Unicode>γυμνασίᾳ</Unicode>
          </TextEquiv>
        </Word>
        <TextEquiv>
          <Unicode>γυμνασίαρχος coz AAT TER] αὐτὸν ἐκ TS γυμνασίᾳ</Unicode>
        </TextEquiv>
      </TextLine>
      <TextLine id="region0001_line0011" custom="readingOrder {index:10;}">
        <Coords points="1184,964 1175,968 1173,986 1170,977 1165,973 1151,972 1146,976 1144,986 1114,986 1107,979 1096,979 1089,987 1007,988 1001,987 1004,972 1000,968 985,969 976,987 927,987 920,982 910,982 902,989 892,990 882,991 875,974 867,969 856,969 851,973 850,991 801,992 796,991 796,982 792,977 780,976 775,981 771,992 736,992 729,983 710,983 700,993 612,995 606,981 599,974 572,974 561,981 560,993 503,993 496,983 481,981 475,986 473,994 452,995 451,985 445,978 432,977 426,983 426,995 394,996 393,984 380,981 369,985 367,998 355,999 236,998 228,991 221,991 217,986 209,986 202,986 196,999 187,999 177,986 162,985 156,991 156,998 152,999 152,1039 288,1038 318,1041 330,1036 557,1034 579,1040 585,1035 601,1034 927,1030 952,1031 958,1036 967,1036 973,1031 989,1031 1007,1036 1012,1029 1029,1028 1269,1023 1273,1020 1274,1007 1279,1002 1278,971 1275,967"/>
        <Word id="region0001_line0011_word0000" custom="readingOrder {index:0;}">
          <Coords points="161,985 162,1022 329,1020 328,998 236,998 228,991 221,991 217,986 209,986 202,986 196,999 187,999 177,986 162,985"/>
          <TextEquiv conf="0.6469986">
            <Unicode>ἐκέλευεν,</Unicode>
          </TextEquiv>
        </Word>
        <Word id="region0001_line0011_word0001" custom="readingOrder {index:1;}">
          <Coords points="361,998 362,1015 405,1015 404,995 394,996 393,984 380,981 369,985 367,998"/>
          <TextEquiv conf="0.96243227">
            <Unicode>ὡς</Unicode>
          </TextEquiv>
        </Word>
        <Word id="region0001_line0011_word0002" custom="readingOrder {index:2;}">
          <Coords points="421,995 422,1017 465,1016 464,994 452,995 451,985 445,978 432,977 426,983 426,995"/>
          <TextEquiv conf="0.6567495">
            <Unicode>Bu</Unicode>
          </TextEquiv>
        </Word>
        <Word id="region0001_line0011_word0003" custom="readingOrder {index:3;}">
          <Coords points="478,983 479,1022 656,1021 655,994 612,995 606,981 599,974 572,974 561,981 560,993 503,993 496,983 481,981"/>
          <TextEquiv conf="0.0">
            <Unicode>ἐπιτήδεροι</Unicode>
          </TextEquiv>
        </Word>
        <Word id="region0001_line0011_word0004" custom="readingOrder {index:4;}">
          <Coords points="670,993 671,1014 743,1014 742,992 736,992 729,983 710,983 700,993"/>
          <TextEquiv conf="0.6188426">
            <Unicode>«oie</Unicode>
          </TextEquiv>
        </Word>
        <Word id="region0001_line0011_word0005" custom="readingOrder {index:5;}">
          <Coords points="758,992 759,1013 838,1012 837,991 801,992 796,991 796,982 792,977 780,976 775,981 771,992"/>
          <TextEquiv conf="0.9328158">
            <Unicode>νέοις</Unicode>
          </TextEquiv>
        </Word>
        <Word id="region0001_line0011_word0006" custom="readingOrder {index:6;}">
          <Coords points="851,972 852,1022 1107,1020 1106,979 1096,979 1089,987 1007,988 1001,987 1004,972 1000,968 985,969 976,987 927,987 920,982 910,982 902,989 892,990 882,991 875,974 867,969 856,969"/>
          <TextEquiv conf="0.0">
            <Unicode>ὀιαιλεγοόμενον"</Unicode>
          </TextEquiv>
        </Word>
        <Word id="region0001_line0011_word0007" custom="readingOrder {index:7;}">
          <Coords points="1137,986 1138,1011 1165,1011 1164,976 1146,976 1144,986"/>
          <TextEquiv conf="0.95161486">
            <Unicode>εἰ</Unicode>
          </TextEquiv>
        </Word>
        <Word id="region0001_line0011_word0008" custom="readingOrder {index:8;}">
          <Coords points="1180,968 1213,968 1214,1012 1181,1012"/>
          <TextEquiv conf="0.96873856">
            <Unicode>δὲ</Unicode>
          </TextEquiv>
        </Word>
        <TextEquiv>
          <Unicode>ἐκέλευεν, ὡς Bu ἐπιτήδεροι «oie νέοις ὀιαιλεγοόμενον" εἰ δὲ</Unicode>
        </TextEquiv>
      </TextLine>
      <TextLine id="region0001_line0012" custom="readingOrder {index:11;}">
        <Coords points="1013,1030 1007,1037 987,1032 982,1038 982,1052 924,1051 923,1036 918,1032 909,1032 902,1041 827,1040 819,1041 812,1046 808,1038 796,1037 789,1043 785,1054 738,1053 729,1042 714,1040 703,1053 649,1058 579,1056 579,1041 566,1037 559,1041 552,1057 519,1058 506,1050 495,1050 486,1057 477,1039 461,1037 455,1044 456,1057 439,1060 366,1059 355,1039 333,1037 317,1042 319,1053 316,1059 257,1059 251,1049 236,1048 231,1052 229,1060 220,1060 214,1043 209,1040 199,1040 193,1046 194,1061 152,1063 152,1110 171,1113 182,1105 196,1104 200,1107 209,1107 214,1102 233,1101 319,1100 327,1104 334,1104 339,1099 411,1100 419,1103 476,1099 482,1104 492,1104 498,1099 577,1097 620,1100 627,1110 643,1100 674,1106 688,1104 696,1107 742,1100 750,1102 756,1108 770,1108 778,1096 785,1095 1003,1092 1008,1097 1018,1097 1024,1092 1040,1091 1209,1089 1286,1083 1287,1031 1216,1039 1197,1047 1180,1049 1142,1049 1137,1036 1126,1035 1111,1040 1105,1051 1096,1051 1027,1050 1027,1034 1022,1030"/>
        <Word id="region0001_line0012_word0000" custom="readingOrder {index:0;}">
          <Coords points="209,1040 199,1040 193,1046 194,1061 163,1062 163,1096 211,1096 211,1041"/>
          <TextEquiv conf="0.90423447">
            <Unicode>μὴ</Unicode>
          </TextEquiv>
        </Word>
        <Word id="region0001_line0012_word0001" custom="readingOrder {index:1;}">
          <Coords points="338,1037 331,1037 317,1042 319,1053 316,1059 257,1059 251,1049 236,1048 234,1049 234,1090 430,1089 430,1059 366,1059 355,1039"/>
          <TextEquiv conf="0.29018623">
            <Unicode>ἐπιτήδοιω,,</Unicode>
          </TextEquiv>
        </Word>
        <Word id="region0001_line0012_word0002" custom="readingOrder {index:2;}">
          <Coords points="468,1037 460,1037 457,1041 457,1088 607,1087 607,1056 579,1056 579,1041 566,1037 565,1037 559,1041 552,1057 519,1058 506,1050 495,1050 486,1057 477,1039"/>
          <TextEquiv conf="0.8534981">
            <Unicode>δηλονότι</Unicode>
          </TextEquiv>
        </Word>
        <Word id="region0001_line0012_word0003" custom="readingOrder {index:3;}">
          <Coords points="808,1038 794,1038 789,1043 785,1054 738,1053 729,1042 714,1040 703,1053 649,1058 630,1057 630,1092 812,1090 812,1046"/>
          <TextEquiv conf="0.24476333">
            <Unicode>μοχϑηρώ.</Unicode>
          </TextEquiv>
        </Word>
        <Word id="region0001_line0012_word0004" custom="readingOrder {index:4;}">
          <Coords points="923,1036 905,1036 902,1041 863,1040 863,1082 963,1081 963,1051 924,1051"/>
          <TextEquiv conf="0.6145861">
            <Unicode>Τότε</Unicode>
          </TextEquiv>
        </Word>
        <Word id="region0001_line0012_word0005" custom="readingOrder {index:5;}">
          <Coords points="997,1034 984,1034 983,1036 983,1085 1020,1084 1020,1034 1009,1034 1007,1037"/>
          <TextEquiv conf="0.7929764">
            <Unicode>δὴ</Unicode>
          </TextEquiv>
        </Word>
        <Word id="region0001_line0012_word0006" custom="readingOrder {index:6;}">
          <Coords points="1041,1056 1090,1056 1090,1078 1041,1078"/>
          <TextEquiv conf="0.8312383">
            <Unicode>σοι</Unicode>
          </TextEquiv>
        </Word>
        <Word id="region0001_line0012_word0007" custom="readingOrder {index:7;}">
          <Coords points="1138,1040 1114,1041 1114,1079 1212,1078 1212,1040 1197,1047 1180,1049 1142,1049"/>
          <TextEquiv conf="0.3085778">
            <Unicode>ἕνεκα</Unicode>
          </TextEquiv>
        </Word>
        <Word id="region0001_line0012_word0008" custom="readingOrder {index:8;}">
          <Coords points="1225,1040 1279,1039 1279,1074 1225,1075"/>
          <TextEquiv conf="0.6707564">
            <Unicode>23</Unicode>
          </TextEquiv>
        </Word>
        <TextEquiv>
          <Unicode>μὴ ἐπιτήδοιω,, δηλονότι μοχϑηρώ. Τότε δὴ σοι ἕνεκα 23</Unicode>
        </TextEquiv>
      </TextLine>
      <TextLine id="region0001_line0013" custom="readingOrder {index:12;}">
        <Coords points="1056,1094 1051,1099 1040,1102 1038,1114 1027,1114 1025,1106 1020,1101 1002,1103 998,1115 902,1114 881,1112 867,1104 822,1108 813,1116 808,1101 795,1100 787,1106 786,1119 763,1122 707,1120 700,1119 693,1114 685,1114 681,1119 652,1120 652,1105 646,1101 629,1110 626,1119 603,1118 593,1106 579,1104 573,1107 567,1117 539,1121 520,1121 514,1109 493,1107 488,1111 486,1122 475,1123 412,1119 397,1105 341,1106 331,1109 320,1102 312,1102 305,1110 307,1125 244,1124 240,1113 233,1108 211,1111 206,1117 206,1124 153,1123 152,1164 338,1163 344,1169 354,1169 360,1163 422,1163 439,1164 447,1169 518,1160 631,1159 729,1162 818,1158 846,1162 877,1159 891,1168 898,1161 935,1156 1004,1154 1013,1146 1026,1154 1102,1154 1104,1160 1111,1165 1125,1162 1131,1152 1279,1150 1284,1145 1284,1116 1278,1111 1112,1111 1098,1096 1084,1098 1076,1111 1072,1112 1070,1097 1066,1094"/>
        <Word id="region0001_line0013_word0000" custom="readingOrder {index:0;}">
          <Coords points="233,1108 229,1108 211,1111 206,1117 206,1124 161,1123 162,1149 286,1148 285,1124 244,1124 240,1113"/>
          <TextEquiv conf="0.93258595">
            <Unicode>ταῦτα</Unicode>
          </TextEquiv>
        </Word>
        <Word id="region0001_line0013_word0001" custom="readingOrder {index:1;}">
          <Coords points="321,1103 311,1103 306,1109 306,1120 307,1125 306,1125 307,1155 462,1153 461,1122 412,1119 397,1105 341,1106 331,1109"/>
          <TextEquiv conf="0.5021509">
            <Unicode>δῆλθον,</Unicode>
          </TextEquiv>
        </Word>
        <Word id="region0001_line0013_word0002" custom="readingOrder {index:2;}">
          <Coords points="503,1108 495,1108 496,1144 551,1143 550,1119 539,1121 520,1121 514,1109"/>
          <TextEquiv conf="0.84640414">
            <Unicode>ἵνα</Unicode>
          </TextEquiv>
        </Word>
        <Word id="region0001_line0013_word0003" custom="readingOrder {index:3;}">
          <Coords points="571,1109 572,1146 739,1145 738,1121 707,1120 700,1119 693,1114 685,1114 681,1119 652,1120 652,1105 646,1101 629,1110 626,1119 603,1118 593,1106 579,1104 573,1107"/>
          <TextEquiv conf="0.40641406">
            <Unicode>Sewocho,</Unicode>
          </TextEquiv>
        </Word>
        <Word id="region0001_line0013_word0004" custom="readingOrder {index:4;}">
          <Coords points="779,1120 780,1140 823,1140 822,1108 822,1108 813,1116 808,1101 795,1100 787,1106 786,1119"/>
          <TextEquiv conf="0.93217444">
            <Unicode>ὡς</Unicode>
          </TextEquiv>
        </Word>
        <Word id="region0001_line0013_word0005" custom="readingOrder {index:5;}">
          <Coords points="868,1104 856,1104 844,1106 845,1153 967,1152 966,1114 902,1114 881,1112"/>
          <TextEquiv conf="0.005083084">
            <Unicode>ἔχεσιν</Unicode>
          </TextEquiv>
        </Word>
        <Word id="region0001_line0013_word0006" custom="readingOrder {index:6;}">
          <Coords points="988,1114 989,1140 1018,1139 1017,1104 1001,1104 998,1115"/>
          <TextEquiv conf="0.95677435">
            <Unicode>οἱ</Unicode>
          </TextEquiv>
        </Word>
        <Word id="region0001_line0013_word0007" custom="readingOrder {index:7;}">
          <Coords points="1070,1097 1053,1097 1051,1099 1040,1102 1038,1114 1037,1114 1038,1151 1217,1150 1216,1111 1112,1111 1099,1097 1093,1097 1084,1098 1076,1111 1072,1112 1070,1097"/>
          <TextEquiv conf="0.13627258">
            <Unicode>ἄνθρωποι</Unicode>
          </TextEquiv>
        </Word>
        <TextEquiv>
          <Unicode>ταῦτα δῆλθον, ἵνα Sewocho, ὡς ἔχεσιν οἱ ἄνθρωποι</Unicode>
        </TextEquiv>
      </TextLine>
      <TextLine id="region0001_line0014" custom="readingOrder {index:13;}">
        <Coords points="1037,1155 1032,1159 1026,1174 939,1174 894,1178 891,1177 890,1169 877,1160 865,1163 850,1161 844,1167 778,1166 769,1170 764,1177 722,1178 709,1178 703,1166 691,1165 686,1169 684,1178 679,1181 674,1181 668,1175 660,1176 654,1182 648,1182 646,1174 640,1169 627,1169 620,1177 600,1175 594,1181 579,1180 572,1174 563,1174 556,1180 526,1180 519,1178 519,1171 513,1165 501,1167 496,1175 479,1173 472,1177 442,1181 412,1182 394,1176 331,1177 314,1182 309,1169 304,1165 296,1165 290,1169 288,1184 238,1185 231,1168 218,1166 212,1173 212,1187 152,1186 152,1228 186,1228 189,1237 194,1241 209,1240 215,1227 290,1225 297,1231 307,1231 311,1226 338,1226 344,1234 351,1235 360,1226 439,1222 466,1223 471,1232 483,1233 489,1223 557,1219 647,1223 652,1230 658,1232 668,1230 671,1222 712,1219 731,1220 738,1227 748,1227 756,1220 817,1219 819,1226 827,1230 839,1230 845,1220 850,1218 993,1217 998,1228 1015,1228 1019,1224 1021,1215 1048,1215 1054,1221 1063,1221 1074,1214 1144,1216 1151,1223 1160,1223 1168,1216 1279,1210 1284,1205 1284,1177 1279,1172 1157,1172 1155,1165 1149,1160 1136,1158 1130,1163 1128,1172 1123,1172 1115,1166 1105,1166 1098,1174 1055,1175 1052,1158 1048,1155"/>
        <Word id="region0001_line0014_word0000" custom="readingOrder {index:0;}">
          <Coords points="158,1186 158,1225 248,1224 248,1184 238,1185 231,1168 218,1166 212,1173 212,1187"/>
          <TextEquiv conf="0.5702313">
            <Unicode>“προς</Unicode>
          </TextEquiv>
        </Word>
        <Word id="region0001_line0014_word0001" custom="readingOrder {index:1;}">
          <Coords points="264,1184 264,1212 323,1212 323,1179 314,1182 309,1169 304,1165 296,1165 290,1169 288,1184"/>
          <TextEquiv conf="0.8005049">
            <Unicode>τὴν</Unicode>
          </TextEquiv>
        </Word>
        <Word id="region0001_line0014_word0002" custom="readingOrder {index:2;}">
          <Coords points="340,1176 340,1217 572,1215 572,1174 563,1174 556,1180 526,1180 519,1178 519,1171 513,1165 501,1167 496,1175 479,1173 472,1177 442,1181 412,1182 394,1176"/>
          <TextEquiv conf="0.0">
            <Unicode>φιλοσοφίαν"</Unicode>
          </TextEquiv>
        </Word>
        <Word id="region0001_line0014_word0003" custom="readingOrder {index:3;}">
          <Coords points="639,1169 627,1169 620,1177 603,1175 603,1203 639,1203"/>
          <TextEquiv conf="0.7851931">
            <Unicode>"εἶ</Unicode>
          </TextEquiv>
        </Word>
        <Word id="region0001_line0014_word0004" custom="readingOrder {index:4;}">
          <Coords points="703,1166 689,1166 686,1169 684,1178 679,1181 674,1181 668,1175 660,1176 657,1179 657,1216 715,1215 715,1178 709,1178"/>
          <TextEquiv conf="0.93064326">
            <Unicode>μὲν</Unicode>
          </TextEquiv>
        </Word>
        <Word id="region0001_line0014_word0005" custom="readingOrder {index:5;}">
          <Coords points="733,1178 777,1177 777,1210 733,1211"/>
          <TextEquiv conf="0.90617925">
            <Unicode>γὲ</Unicode>
          </TextEquiv>
        </Word>
        <Word id="region0001_line0014_word0006" custom="readingOrder {index:6;}">
          <Coords points="792,1166 792,1215 948,1214 948,1174 939,1174 894,1178 891,1177 890,1169 877,1160 865,1163 850,1161 844,1167"/>
          <TextEquiv conf="0.9582463">
            <Unicode>Πρόδικος</Unicode>
          </TextEquiv>
        </Word>
        <Word id="region0001_line0014_word0007" custom="readingOrder {index:7;}">
          <Coords points="1048,1155 1037,1155 1032,1159 1026,1174 966,1174 966,1217 993,1217 993,1218 1020,1218 1021,1215 1048,1215 1050,1217 1069,1217 1074,1214 1080,1214 1080,1174 1055,1175 1052,1158"/>
          <TextEquiv conf="0.70956194">
            <Unicode>“πρωῆν</Unicode>
          </TextEquiv>
        </Word>
        <Word id="region0001_line0014_word0008" custom="readingOrder {index:8;}">
          <Coords points="1149,1160 1132,1160 1130,1163 1128,1172 1123,1172 1115,1166 1105,1166 1104,1167 1104,1209 1216,1208 1216,1172 1157,1172 1155,1165"/>
          <TextEquiv conf="0.9652312">
            <Unicode>λέγων</Unicode>
          </TextEquiv>
        </Word>
        <TextEquiv>
          <Unicode>“προς τὴν φιλοσοφίαν" "εἶ μὲν γὲ Πρόδικος “πρωῆν λέγων</Unicode>
        </TextEquiv>
      </TextLine>
      <TextLine id="region0001_line0015" custom="readingOrder {index:14;}">
        <Coords points="1201,1215 1196,1220 1200,1235 1194,1237 1104,1237 1103,1221 1098,1217 1087,1217 1072,1224 1070,1239 1055,1241 961,1239 961,1226 955,1219 931,1223 927,1230 927,1238 918,1240 908,1240 901,1223 895,1219 887,1220 878,1227 875,1232 874,1241 814,1241 813,1227 810,1223 797,1222 793,1225 786,1220 775,1221 768,1228 755,1229 750,1242 704,1242 694,1227 672,1227 667,1232 665,1242 643,1242 635,1234 627,1234 621,1241 572,1241 565,1234 553,1232 543,1234 536,1242 452,1243 444,1231 436,1228 423,1230 416,1243 374,1245 373,1230 369,1227 360,1227 351,1236 347,1245 340,1247 317,1246 313,1249 245,1249 239,1235 228,1234 213,1236 207,1250 153,1249 152,1290 167,1290 171,1293 291,1289 293,1294 301,1297 312,1294 315,1289 388,1285 463,1286 466,1293 470,1294 479,1294 486,1286 499,1285 632,1284 644,1285 645,1290 663,1296 670,1290 672,1284 728,1282 992,1281 1040,1284 1044,1281 1101,1278 1148,1281 1182,1280 1209,1286 1215,1281 1280,1276 1285,1272 1286,1240 1283,1236 1226,1236 1224,1227 1216,1217"/>
        <Word id="region0001_line0015_word0000" custom="readingOrder {index:0;}">
          <Coords points="164,1249 164,1273 288,1272 288,1249 245,1249 239,1235 228,1234 213,1236 207,1250"/>
          <TextEquiv conf="0.8575752">
            <Unicode>ταῦτω</Unicode>
          </TextEquiv>
        </Word>
        <Word id="region0001_line0015_word0001" custom="readingOrder {index:1;}">
          <Coords points="300,1249 301,1280 485,1278 484,1242 452,1243 444,1231 436,1228 423,1230 416,1243 374,1245 373,1230 369,1227 360,1227 351,1236 347,1245 340,1247 317,1246 313,1249"/>
          <TextEquiv conf="0.5893808">
            <Unicode>μαίνεσθαι!</Unicode>
          </TextEquiv>
        </Word>
        <Word id="region0001_line0015_word0002" custom="readingOrder {index:2;}">
          <Coords points="505,1242 505,1269 576,1268 576,1241 572,1241 565,1234 553,1232 543,1234 536,1242"/>
          <TextEquiv conf="0.9305196">
            <Unicode>τοῖς</Unicode>
          </TextEquiv>
        </Word>
        <Word id="region0001_line0015_word0003" custom="readingOrder {index:3;}">
          <Coords points="632,1284 649,1284 648,1242 643,1242 635,1234 627,1234 621,1241 596,1241 597,1284"/>
          <TextEquiv conf="0.0">
            <Unicode>vri</Unicode>
          </TextEquiv>
        </Word>
        <Word id="region0001_line0015_word0004" custom="readingOrder {index:4;}">
          <Coords points="724,1282 724,1242 704,1242 694,1227 672,1227 671,1227 672,1283 700,1283"/>
          <TextEquiv conf="0.0">
            <Unicode>lio</Unicode>
          </TextEquiv>
        </Word>
        <Word id="region0001_line0015_word0005" custom="readingOrder {index:5;}">
          <Coords points="789,1222 773,1222 768,1228 755,1229 753,1233 754,1268 856,1267 855,1241 814,1241 813,1227 810,1223 803,1222 796,1222 793,1225"/>
          <TextEquiv conf="0.33417472">
            <Unicode>ἐδόκει,</Unicode>
          </TextEquiv>
        </Word>
        <Word id="region0001_line0015_word0006" custom="readingOrder {index:6;}">
          <Coords points="898,1221 884,1221 878,1227 875,1232 874,1241 872,1241 873,1266 915,1265 914,1240 908,1240 901,1223"/>
          <TextEquiv conf="0.932981">
            <Unicode>ὧν</Unicode>
          </TextEquiv>
        </Word>
        <Word id="region0001_line0015_word0007" custom="readingOrder {index:7;}">
          <Coords points="956,1220 943,1220 931,1223 930,1224 931,1269 1041,1268 1040,1240 961,1239 961,1226"/>
          <TextEquiv conf="0.65958834">
            <Unicode>ὅτως,</Unicode>
          </TextEquiv>
        </Word>
        <Word id="region0001_line0015_word0008" custom="readingOrder {index:8;}">
          <Coords points="1071,1229 1072,1263 1137,1262 1136,1237 1104,1237 1103,1221 1098,1217 1087,1217 1072,1224"/>
          <TextEquiv conf="0.57377553">
            <Unicode>ὥφε</Unicode>
          </TextEquiv>
        </Word>
        <Word id="region0001_line0015_word0009" custom="readingOrder {index:9;}">
          <Coords points="1155,1237 1156,1269 1217,1269 1216,1217 1216,1217 1201,1215 1196,1220 1200,1235 1194,1237"/>
          <TextEquiv conf="0.42871213">
            <Unicode>wol</Unicode>
          </TextEquiv>
        </Word>
        <TextEquiv>
          <Unicode>ταῦτω μαίνεσθαι! τοῖς vri lio ἐδόκει, ὧν ὅτως, ὥφε wol</Unicode>
        </TextEquiv>
      </TextLine>
      <TextLine id="region0001_line0016" custom="readingOrder {index:15;}">
        <Coords points="1097,1279 1077,1282 1068,1295 1053,1292 986,1303 950,1303 949,1287 944,1283 934,1283 921,1287 917,1292 917,1302 909,1304 904,1302 903,1296 895,1288 883,1290 879,1295 878,1305 839,1305 838,1291 835,1287 801,1284 774,1287 769,1306 765,1291 759,1284 749,1284 745,1287 745,1306 698,1306 690,1298 682,1298 674,1306 666,1306 662,1305 661,1297 644,1291 638,1307 570,1309 497,1308 495,1298 489,1293 465,1294 461,1299 460,1308 415,1309 410,1298 395,1295 388,1300 386,1310 337,1311 332,1309 332,1302 324,1294 301,1298 292,1294 281,1294 275,1299 271,1310 254,1311 244,1301 235,1301 227,1295 214,1294 204,1303 199,1315 194,1315 179,1301 164,1301 159,1307 159,1314 152,1315 153,1354 195,1355 199,1358 210,1358 214,1354 261,1353 274,1357 281,1352 310,1352 317,1357 324,1357 330,1351 357,1351 359,1358 364,1362 376,1361 381,1351 408,1350 501,1353 506,1358 515,1358 522,1353 538,1352 540,1356 553,1356 561,1350 600,1348 1020,1342 1037,1343 1041,1350 1053,1351 1060,1343 1099,1342 1102,1349 1113,1347 1123,1349 1130,1339 1264,1336 1269,1331 1269,1302 1264,1297 1198,1298 1192,1284 1176,1281 1167,1282 1166,1299 1117,1299 1111,1286 1106,1281"/>
        <Word id="region0001_line0016_word0000" custom="readingOrder {index:0;}">
          <Coords points="227,1295 212,1295 204,1303 199,1315 194,1315 179,1301 164,1301 163,1302 164,1348 379,1346 378,1310 337,1311 332,1309 332,1302 324,1294 320,1294 301,1298 293,1294 279,1294 275,1299 271,1310 254,1311 244,1301 235,1301"/>
          <TextEquiv conf="0.8586297">
            <Unicode>ἐκβληϑῆναι</Unicode>
          </TextEquiv>
        </Word>
        <Word id="region0001_line0016_word0001" custom="readingOrder {index:1;}">
          <Coords points="391,1297 391,1333 428,1333 428,1308 415,1309 410,1298 395,1295"/>
          <TextEquiv conf="0.9515215">
            <Unicode>ἐκ</Unicode>
          </TextEquiv>
        </Word>
        <Word id="region0001_line0016_word0002" custom="readingOrder {index:2;}">
          <Coords points="442,1308 442,1333 488,1333 488,1293 465,1294 461,1299 460,1308"/>
          <TextEquiv conf="0.93218696">
            <Unicode>τῇ</Unicode>
          </TextEquiv>
        </Word>
        <Word id="region0001_line0016_word0003" custom="readingOrder {index:3;}">
          <Coords points="501,1308 502,1343 690,1341 689,1298 682,1298 674,1306 666,1306 662,1305 661,1297 644,1291 638,1307 570,1309"/>
          <TextEquiv conf="0.0">
            <Unicode>γυμνασίῃ᾽</Unicode>
          </TextEquiv>
        </Word>
        <Word id="region0001_line0016_word0004" custom="readingOrder {index:4;}">
          <Coords points="761,1287 745,1287 745,1306 722,1306 722,1332 764,1332 764,1289"/>
          <TextEquiv conf="0.965219">
            <Unicode>σὺ</Unicode>
          </TextEquiv>
        </Word>
        <Word id="region0001_line0016_word0005" custom="readingOrder {index:5;}">
          <Coords points="784,1287 820,1287 820,1332 784,1332"/>
          <TextEquiv conf="0.96554565">
            <Unicode>δὲ</Unicode>
          </TextEquiv>
        </Word>
        <Word id="region0001_line0016_word0006" custom="readingOrder {index:6;}">
          <Coords points="838,1291 835,1292 835,1331 898,1330 898,1291 881,1291 879,1295 878,1305 839,1305"/>
          <TextEquiv conf="0.927927">
            <Unicode>νυνὶ</Unicode>
          </TextEquiv>
        </Word>
        <Word id="region0001_line0016_word0007" custom="readingOrder {index:7;}">
          <Coords points="949,1287 921,1287 920,1288 920,1331 992,1331 992,1302 986,1303 950,1303"/>
          <TextEquiv conf="0.46567413">
            <Unicode>ὕτω</Unicode>
          </TextEquiv>
        </Word>
        <Word id="region0001_line0016_word0008" custom="readingOrder {index:8;}">
          <Coords points="1108,1283 1076,1284 1068,1295 1053,1292 1015,1298 1016,1340 1130,1339 1130,1339 1153,1338 1152,1299 1117,1299 1111,1286"/>
          <TextEquiv conf="0.2679056">
            <Unicode>σφδδρω</Unicode>
          </TextEquiv>
        </Word>
        <Word id="region0001_line0016_word0009" custom="readingOrder {index:9;}">
          <Coords points="1181,1282 1168,1282 1168,1327 1217,1327 1217,1297 1198,1298 1192,1284"/>
          <TextEquiv conf="0.91863394">
            <Unicode>de-</Unicode>
          </TextEquiv>
        </Word>
        <TextEquiv>
          <Unicode>ἐκβληϑῆναι ἐκ τῇ γυμνασίῃ᾽ σὺ δὲ νυνὶ ὕτω σφδδρω de-</Unicode>
        </TextEquiv>
      </TextLine>
      <TextLine id="region0001_line0017" custom="readingOrder {index:16;}">
        <Coords points="980,1345 975,1349 969,1365 868,1366 860,1348 847,1347 842,1352 842,1366 775,1369 750,1369 750,1353 744,1349 735,1349 729,1353 723,1370 689,1369 685,1356 676,1349 664,1351 660,1356 661,1367 655,1370 571,1370 569,1354 561,1351 553,1357 539,1357 535,1364 536,1373 525,1375 459,1370 455,1362 446,1355 430,1359 424,1370 403,1371 398,1359 386,1358 375,1372 368,1367 355,1367 347,1374 326,1376 321,1361 311,1354 301,1354 297,1357 295,1378 288,1377 289,1363 282,1356 260,1357 254,1364 254,1377 224,1377 223,1367 219,1362 198,1360 190,1366 188,1378 153,1378 152,1418 173,1418 180,1423 193,1421 195,1418 357,1414 382,1420 399,1419 415,1423 471,1415 475,1422 486,1423 492,1417 497,1421 508,1421 514,1417 558,1411 662,1411 686,1411 691,1420 703,1421 710,1411 767,1407 943,1406 945,1414 951,1418 965,1417 972,1406 995,1404 1119,1400 1180,1405 1188,1411 1279,1409 1284,1404 1283,1376 1279,1373 1251,1371 1242,1362 1160,1360 1156,1354 1145,1351 1134,1351 1124,1359 1123,1350 1113,1348 1103,1350 1100,1360 996,1363 996,1349 991,1345"/>
        <Word id="region0001_line0017_word0000" custom="readingOrder {index:0;}">
          <Coords points="164,1378 164,1406 232,1405 232,1377 224,1377 223,1367 219,1362 198,1360 190,1366 188,1378"/>
          <TextEquiv conf="0.91283536">
            <Unicode>κεὶς</Unicode>
          </TextEquiv>
        </Word>
        <Word id="region0001_line0017_word0001" custom="readingOrder {index:1;}">
          <Coords points="247,1377 247,1399 281,1399 281,1356 260,1357 254,1364 254,1377"/>
          <TextEquiv conf="0.9328738">
            <Unicode>εὖ</Unicode>
          </TextEquiv>
        </Word>
        <Word id="region0001_line0017_word0002" custom="readingOrder {index:2;}">
          <Coords points="295,1378 295,1408 510,1406 510,1373 459,1370 455,1362 446,1355 430,1359 424,1370 403,1371 398,1359 386,1358 375,1372 368,1367 355,1367 347,1374 326,1376 321,1361 311,1354 301,1354 297,1357"/>
          <TextEquiv conf="0.0">
            <Unicode>dice],</Unicode>
          </TextEquiv>
        </Word>
        <Word id="region0001_line0017_word0003" custom="readingOrder {index:3;}">
          <Coords points="562,1351 560,1351 553,1357 539,1357 536,1362 536,1373 536,1397 620,1396 620,1370 571,1370 569,1354"/>
          <TextEquiv conf="0.34986466">
            <Unicode>9s»</Unicode>
          </TextEquiv>
        </Word>
        <Word id="region0001_line0017_word0004" custom="readingOrder {index:4;}">
          <Coords points="676,1349 674,1349 664,1351 660,1356 661,1367 655,1370 655,1394 680,1393 680,1352"/>
          <TextEquiv conf="0.92058367">
            <Unicode>8</Unicode>
          </TextEquiv>
        </Word>
        <Word id="region0001_line0017_word0005" custom="readingOrder {index:5;}">
          <Coords points="744,1349 734,1349 729,1353 723,1370 696,1369 696,1405 791,1404 791,1368 775,1369 750,1369 750,1353"/>
          <TextEquiv conf="0.9627098">
            <Unicode>μόνον</Unicode>
          </TextEquiv>
        </Word>
        <Word id="region0001_line0017_word0006" custom="readingOrder {index:6;}">
          <Coords points="860,1348 846,1348 842,1352 842,1366 812,1367 812,1392 878,1392 878,1365 868,1366"/>
          <TextEquiv conf="0.68830025">
            <Unicode>τὰς</Unicode>
          </TextEquiv>
        </Word>
        <Word id="region0001_line0017_word0007" custom="readingOrder {index:7;}">
          <Coords points="992,1346 978,1346 975,1349 969,1365 891,1365 891,1403 1053,1402 1077,1401 1077,1360 996,1363 996,1349"/>
          <TextEquiv conf="0.84589905">
            <Unicode>παρόντας</Unicode>
          </TextEquiv>
        </Word>
        <Word id="region0001_line0017_word0008" custom="readingOrder {index:8;}">
          <Coords points="1088,1360 1088,1398 1217,1397 1217,1361 1160,1360 1156,1354 1145,1351 1134,1351 1124,1359 1123,1350 1113,1348 1103,1350 1100,1360"/>
          <TextEquiv conf="0.79268765">
            <Unicode>πεῖσαι,</Unicode>
          </TextEquiv>
        </Word>
        <TextEquiv>
          <Unicode>κεὶς εὖ dice], 9s» 8 μόνον τὰς παρόντας πεῖσαι,</Unicode>
        </TextEquiv>
      </TextLine>
      <TextLine id="region0001_line0018" custom="readingOrder {index:17;}">
        <Coords points="767,1408 763,1410 762,1416 754,1416 749,1420 747,1431 569,1432 564,1420 552,1419 546,1425 544,1433 539,1433 531,1427 521,1427 514,1433 475,1434 474,1425 469,1418 455,1417 450,1422 449,1435 410,1435 406,1423 399,1420 386,1421 384,1434 354,1435 353,1427 346,1418 332,1416 327,1421 329,1436 279,1439 275,1424 269,1419 261,1419 254,1426 254,1439 238,1437 231,1432 221,1432 212,1437 202,1432 196,1423 190,1422 176,1425 174,1440 152,1441 153,1480 298,1480 307,1486 326,1483 332,1487 341,1487 347,1481 388,1475 559,1474 570,1483 578,1482 585,1474 597,1473 759,1473 765,1478 773,1478 779,1472 812,1472 815,1478 835,1472 855,1472 860,1480 872,1481 879,1472 952,1471 959,1477 967,1477 975,1471 1002,1469 1130,1466 1137,1472 1145,1472 1151,1466 1269,1461 1274,1456 1273,1427 1268,1422 1165,1424 1158,1418 1147,1418 1138,1424 1134,1413 1125,1404 1113,1405 1109,1408 1107,1427 1020,1426 1013,1418 995,1417 984,1427 928,1427 921,1421 910,1421 903,1428 883,1431 871,1430 871,1418 865,1412 850,1414 846,1419 844,1431 784,1431 782,1409"/>
        <Word id="region0001_line0018_word0000" custom="readingOrder {index:0;}">
          <Coords points="165,1440 166,1457 273,1456 272,1421 269,1419 261,1419 254,1426 254,1439 238,1437 231,1432 221,1432 212,1437 202,1432 196,1423 190,1422 176,1425 174,1440"/>
          <TextEquiv conf="0.49318653">
            <Unicode>ἀλλὰ</Unicode>
          </TextEquiv>
        </Word>
        <Word id="region0001_line0018_word0001" custom="readingOrder {index:1;}">
          <Coords points="287,1438 288,1465 346,1464 345,1417 332,1416 327,1421 329,1436"/>
          <TextEquiv conf="0.94416124">
            <Unicode>καὶ</Unicode>
          </TextEquiv>
        </Word>
        <Word id="region0001_line0018_word0002" custom="readingOrder {index:2;}">
          <Coords points="361,1434 361,1454 418,1454 418,1435 410,1435 406,1423 399,1420 386,1421 384,1434"/>
          <TextEquiv conf="0.9397772">
            <Unicode>τὸν</Unicode>
          </TextEquiv>
        </Word>
        <Word id="region0001_line0018_word0003" custom="readingOrder {index:3;}">
          <Coords points="439,1435 440,1462 675,1460 674,1431 569,1432 564,1420 552,1419 546,1425 544,1433 539,1433 531,1427 521,1427 514,1433 475,1434 474,1425 469,1418 455,1417 450,1422 449,1435"/>
          <TextEquiv conf="0.15199752">
            <Unicode>ἀντιλέγοντα</Unicode>
          </TextEquiv>
        </Word>
        <Word id="region0001_line0018_word0004" custom="readingOrder {index:4;}">
          <Coords points="695,1431 696,1460 833,1459 832,1431 784,1431 782,1409 767,1408 763,1410 762,1416 754,1416 749,1420 747,1431"/>
          <TextEquiv conf="0.0748687">
            <Unicode>’ποιῆσαι!</Unicode>
          </TextEquiv>
        </Word>
        <Word id="region0001_line0018_word0005" custom="readingOrder {index:5;}">
          <Coords points="848,1416 849,1460 1024,1458 1023,1426 1020,1426 1013,1418 995,1417 984,1427 928,1427 921,1421 910,1421 903,1428 883,1431 871,1430 871,1418 865,1412 850,1414"/>
          <TextEquiv conf="0.7418853">
            <Unicode>ὁμολογεῖν</Unicode>
          </TextEquiv>
        </Word>
        <Word id="region0001_line0018_word0006" custom="readingOrder {index:6;}">
          <Coords points="1043,1426 1043,1448 1092,1448 1092,1426"/>
          <TextEquiv conf="0.7238434">
            <Unicode>σοι</Unicode>
          </TextEquiv>
        </Word>
        <Word id="region0001_line0018_word0007" custom="readingOrder {index:7;}">
          <Coords points="1126,1405 1113,1405 1113,1405 1109,1408 1110,1455 1222,1454 1221,1423 1165,1424 1158,1418 1147,1418 1138,1424 1134,1413"/>
          <TextEquiv conf="0.24405624">
            <Unicode>θηλὸνο</Unicode>
          </TextEquiv>
        </Word>
        <TextEquiv>
          <Unicode>ἀλλὰ καὶ τὸν ἀντιλέγοντα ’ποιῆσαι! ὁμολογεῖν σοι θηλὸνο</Unicode>
        </TextEquiv>
      </TextLine>
      <TextLine id="region0001_line0019" custom="readingOrder {index:18;}">
        <Coords points="1115,1469 1110,1473 1104,1487 1044,1490 958,1490 955,1484 943,1475 930,1477 920,1491 917,1476 912,1472 903,1472 887,1481 883,1494 859,1494 859,1479 854,1474 843,1474 838,1478 831,1475 815,1479 814,1495 803,1495 794,1482 778,1484 773,1495 709,1495 705,1484 700,1480 688,1481 682,1495 576,1497 572,1485 560,1476 552,1477 546,1481 544,1498 519,1498 514,1490 502,1488 493,1488 484,1497 430,1497 426,1489 418,1484 404,1487 400,1498 305,1498 304,1486 298,1481 289,1481 276,1483 269,1492 270,1501 262,1503 240,1500 236,1497 191,1501 191,1485 178,1481 169,1488 162,1502 152,1502 152,1542 359,1540 364,1550 381,1551 386,1547 388,1539 393,1537 451,1539 626,1537 630,1540 649,1537 655,1542 664,1542 671,1548 681,1548 688,1536 731,1536 737,1532 747,1532 752,1536 948,1534 953,1543 968,1545 978,1533 983,1532 1081,1530 1112,1537 1131,1537 1138,1534 1153,1538 1185,1529 1286,1521 1287,1488 1283,1485 1132,1486 1130,1472 1125,1468"/>
        <Word id="region0001_line0019_word0000" custom="readingOrder {index:0;}">
          <Coords points="180,1481 176,1481 169,1488 167,1492 167,1526 235,1525 235,1497 191,1501 191,1485"/>
          <TextEquiv conf="0.8921424">
            <Unicode>ὅτι"</Unicode>
          </TextEquiv>
        </Word>
        <Word id="region0001_line0019_word0001" custom="readingOrder {index:1;}">
          <Coords points="271,1489 271,1535 385,1534 385,1498 305,1498 304,1486 298,1481 289,1481 276,1483"/>
          <TextEquiv conf="0.82469255">
            <Unicode>ὥσπερ</Unicode>
          </TextEquiv>
        </Word>
        <Word id="region0001_line0019_word0002" custom="readingOrder {index:2;}">
          <Coords points="405,1486 405,1521 436,1521 436,1497 430,1497 426,1489 418,1484"/>
          <TextEquiv conf="0.83805037">
            <Unicode>ἐν</Unicode>
          </TextEquiv>
        </Word>
        <Word id="region0001_line0019_word0003" custom="readingOrder {index:3;}">
          <Coords points="453,1497 453,1521 524,1521 524,1498 519,1498 514,1490 502,1488 493,1488 484,1497"/>
          <TextEquiv conf="0.93034256">
            <Unicode>τοῖς</Unicode>
          </TextEquiv>
        </Word>
        <Word id="region0001_line0019_word0004" custom="readingOrder {index:4;}">
          <Coords points="545,1489 545,1532 744,1530 744,1495 709,1495 705,1484 700,1480 688,1481 682,1495 576,1497 572,1485 560,1476 552,1477 546,1481"/>
          <TextEquiv conf="0.18070534">
            <Unicode>θικωξηρίοις</Unicode>
          </TextEquiv>
        </Word>
        <Word id="region0001_line0019_word0005" custom="readingOrder {index:5;}">
          <Coords points="766,1495 766,1520 794,1519 794,1484 777,1484 773,1495"/>
          <TextEquiv conf="0.7619124">
            <Unicode>εἰ</Unicode>
          </TextEquiv>
        </Word>
        <Word id="region0001_line0019_word0006" custom="readingOrder {index:6;}">
          <Coords points="854,1474 843,1474 838,1478 831,1475 815,1479 814,1495 814,1519 866,1519 866,1494 859,1494 859,1479"/>
          <TextEquiv conf="0.9270095">
            <Unicode>δύο</Unicode>
          </TextEquiv>
        </Word>
        <Word id="region0001_line0019_word0007" custom="readingOrder {index:7;}">
          <Coords points="915,1474 897,1474 887,1481 883,1494 883,1531 1061,1529 1061,1489 1044,1490 958,1490 955,1484 943,1475 930,1477 920,1491 917,1476"/>
          <TextEquiv conf="0.563422">
            <Unicode>ἄνϑοωποι</Unicode>
          </TextEquiv>
        </Word>
        <Word id="region0001_line0019_word0008" custom="readingOrder {index:8;}">
          <Coords points="1127,1469 1114,1469 1110,1473 1104,1487 1079,1488 1079,1523 1219,1522 1219,1485 1132,1486 1130,1472"/>
          <TextEquiv conf="0.92048025">
            <Unicode>τύχοιεν</Unicode>
          </TextEquiv>
        </Word>
        <TextEquiv>
          <Unicode>ὅτι" ὥσπερ ἐν τοῖς θικωξηρίοις εἰ δύο ἄνϑοωποι τύχοιεν</Unicode>
        </TextEquiv>
      </TextLine>
      <TextLine id="region0001_line0020" custom="readingOrder {index:19;}">
        <Coords points="737,1533 730,1537 727,1543 715,1544 709,1559 530,1561 524,1547 511,1546 507,1549 503,1561 413,1561 375,1564 341,1562 340,1551 333,1543 320,1545 316,1561 300,1562 298,1552 293,1546 279,1544 273,1550 273,1563 240,1564 219,1562 217,1552 211,1544 198,1543 193,1548 192,1559 152,1562 153,1604 195,1605 198,1609 214,1609 221,1604 280,1607 318,1604 324,1610 334,1609 342,1603 359,1604 366,1612 383,1604 406,1602 417,1603 419,1609 429,1615 441,1612 447,1602 481,1603 487,1613 495,1614 513,1601 568,1601 575,1611 588,1610 592,1601 626,1601 628,1609 632,1612 650,1609 655,1600 673,1599 689,1600 693,1609 710,1611 716,1607 718,1600 736,1599 775,1599 816,1603 891,1599 896,1606 908,1607 915,1598 970,1595 1125,1594 1135,1586 1145,1590 1155,1600 1164,1600 1172,1594 1183,1593 1259,1591 1268,1589 1272,1584 1271,1554 1266,1549 1159,1551 1154,1539 1138,1535 1130,1539 1130,1552 1074,1553 1070,1536 1065,1532 1055,1532 1049,1538 1050,1553 1044,1553 1038,1547 1025,1547 1019,1553 990,1552 952,1555 943,1540 930,1539 925,1544 924,1557 892,1557 888,1542 882,1538 873,1538 865,1546 864,1558 747,1558 746,1552 752,1537 747,1533"/>
        <Word id="region0001_line0020_word0000" custom="readingOrder {index:0;}">
          <Coords points="166,1560 167,1588 227,1587 226,1562 219,1562 217,1552 211,1544 198,1543 193,1548 192,1559"/>
          <TextEquiv conf="0.53324884">
            <Unicode>d'y</Unicode>
          </TextEquiv>
        </Word>
        <Word id="region0001_line0020_word0001" custom="readingOrder {index:1;}">
          <Coords points="244,1563 245,1586 352,1585 351,1562 341,1562 340,1551 333,1543 320,1545 316,1561 300,1562 298,1552 293,1546 279,1544 273,1550 273,1563"/>
          <TextEquiv conf="0.7444507">
            <Unicode>αὐτὴν</Unicode>
          </TextEquiv>
        </Word>
        <Word id="region0001_line0020_word0002" custom="readingOrder {index:2;}">
          <Coords points="368,1563 369,1591 563,1589 562,1560 530,1561 524,1547 511,1546 507,1549 503,1561 413,1561 375,1564"/>
          <TextEquiv conf="0.74373907">
            <Unicode>μοιρτυρίαν</Unicode>
          </TextEquiv>
        </Word>
        <Word id="region0001_line0020_word0003" custom="readingOrder {index:3;}">
          <Coords points="750,1535 732,1535 730,1537 727,1543 715,1544 709,1559 577,1560 578,1589 833,1587 832,1558 747,1558 746,1552 752,1537"/>
          <TextEquiv conf="0.032721024">
            <Unicode>μωρτυρέντες,</Unicode>
          </TextEquiv>
        </Word>
        <Word id="region0001_line0020_word0004" custom="readingOrder {index:4;}">
          <Coords points="866,1544 867,1574 884,1574 883,1538 882,1538 873,1538"/>
          <TextEquiv conf="0.7522191">
            <Unicode>0</Unicode>
          </TextEquiv>
        </Word>
        <Word id="region0001_line0020_word0005" custom="readingOrder {index:5;}">
          <Coords points="900,1557 901,1586 961,1586 960,1554 952,1555 943,1540 930,1539 925,1544 924,1557"/>
          <TextEquiv conf="0.9123061">
            <Unicode>μὲν</Unicode>
          </TextEquiv>
        </Word>
        <Word id="region0001_line0020_word0006" custom="readingOrder {index:6;}">
          <Coords points="974,1553 975,1575 1087,1574 1086,1552 1074,1553 1070,1536 1065,1532 1055,1532 1049,1538 1050,1553 1044,1553 1038,1547 1025,1547 1019,1553 990,1552"/>
          <TextEquiv conf="0.83427346">
            <Unicode>καλος</Unicode>
          </TextEquiv>
        </Word>
        <Word id="region0001_line0020_word0007" custom="readingOrder {index:7;}">
          <Coords points="1099,1552 1100,1582 1220,1581 1219,1549 1159,1551 1154,1539 1138,1535 1130,1539 1130,1552"/>
          <TextEquiv conf="0.10168533">
            <Unicode>κάγα-</Unicode>
          </TextEquiv>
        </Word>
        <TextEquiv>
          <Unicode>d'y αὐτὴν μοιρτυρίαν μωρτυρέντες, 0 μὲν καλος κάγα-</Unicode>
        </TextEquiv>
      </TextLine>
      <TextLine id="region0001_line0021" custom="readingOrder {index:20;}">
        <Coords points="1135,1587 1125,1595 1127,1604 1122,1613 1053,1618 1037,1618 1034,1605 1028,1601 1008,1601 1001,1607 998,1616 947,1616 945,1605 940,1598 928,1598 923,1601 922,1617 882,1618 875,1601 861,1600 855,1605 857,1620 848,1620 838,1602 828,1602 816,1605 816,1621 792,1621 784,1614 775,1615 768,1622 760,1623 761,1607 754,1600 742,1601 732,1621 698,1619 688,1607 673,1606 662,1620 583,1625 576,1624 569,1609 558,1607 548,1602 541,1602 536,1606 535,1626 521,1626 519,1612 513,1606 497,1613 493,1626 469,1627 405,1626 404,1623 410,1614 410,1606 406,1603 395,1603 388,1608 381,1607 369,1613 368,1626 357,1628 339,1627 337,1616 329,1610 306,1613 301,1628 276,1628 271,1615 263,1607 250,1607 246,1610 244,1627 221,1626 214,1610 153,1611 152,1670 424,1666 435,1673 445,1666 539,1664 580,1665 587,1676 599,1675 605,1666 630,1669 634,1672 703,1667 709,1668 716,1675 728,1675 736,1669 738,1663 924,1658 930,1664 939,1664 945,1658 973,1657 1039,1659 1046,1668 1056,1668 1064,1659 1079,1660 1094,1666 1106,1666 1109,1663 1134,1664 1155,1658 1170,1660 1176,1665 1192,1665 1202,1655 1272,1652 1277,1647 1277,1637 1286,1633 1287,1600 1282,1595 1200,1596 1194,1602 1191,1613 1160,1612 1149,1599 1149,1595"/>
        <Word id="region0001_line0021_word0000" custom="readingOrder {index:0;}">
          <Coords points="166,1610 166,1651 231,1650 231,1626 221,1626 214,1610"/>
          <TextEquiv conf="0.7771031">
            <Unicode>Sóc</Unicode>
          </TextEquiv>
        </Word>
        <Word id="region0001_line0021_word0001" custom="readingOrder {index:1;}">
          <Coords points="245,1618 245,1650 345,1649 345,1627 339,1627 337,1616 329,1610 306,1613 301,1628 276,1628 271,1615 263,1607 250,1607 246,1610"/>
          <TextEquiv conf="0.80792177">
            <Unicode>δοκῶν</Unicode>
          </TextEquiv>
        </Word>
        <Word id="region0001_line0021_word0002" custom="readingOrder {index:2;}">
          <Coords points="364,1626 364,1655 462,1654 462,1626 405,1626 404,1623 410,1614 410,1606 406,1603 395,1603 388,1608 381,1607 369,1613 368,1626"/>
          <TextEquiv conf="0.38666525">
            <Unicode>εἶναι.»</Unicode>
          </TextEquiv>
        </Word>
        <Word id="region0001_line0021_word0003" custom="readingOrder {index:3;}">
          <Coords points="497,1613 497,1643 513,1643 513,1606"/>
          <TextEquiv conf="0.9600307">
            <Unicode>ὁ</Unicode>
          </TextEquiv>
        </Word>
        <Word id="region0001_line0021_word0004" custom="readingOrder {index:4;}">
          <Coords points="535,1626 535,1645 569,1644 569,1609 558,1607 548,1602 541,1602 536,1606"/>
          <TextEquiv conf="0.9330361">
            <Unicode>δὲ</Unicode>
          </TextEquiv>
        </Word>
        <Word id="region0001_line0021_word0005" custom="readingOrder {index:5;}">
          <Coords points="590,1624 590,1656 784,1654 784,1614 775,1615 768,1622 760,1623 761,1607 754,1600 742,1601 732,1621 698,1619 688,1607 673,1606 662,1620"/>
          <TextEquiv conf="0.011955643">
            <Unicode>μοχιϑηρῦς᾽</Unicode>
          </TextEquiv>
        </Word>
        <Word id="region0001_line0021_word0006" custom="readingOrder {index:6;}">
          <Coords points="817,1604 817,1643 873,1643 873,1600 861,1600 855,1605 857,1620 848,1620 838,1602 828,1602"/>
          <TextEquiv conf="0.7103504">
            <Unicode>due</Unicode>
          </TextEquiv>
        </Word>
        <Word id="region0001_line0021_word0007" custom="readingOrder {index:7;}">
          <Coords points="897,1617 897,1647 956,1647 956,1616 947,1616 945,1605 940,1598 928,1598 923,1601 922,1617"/>
          <TextEquiv conf="0.9523966">
            <Unicode>τὴν</Unicode>
          </TextEquiv>
        </Word>
        <Word id="region0001_line0021_word0008" custom="readingOrder {index:8;}">
          <Coords points="1028,1601 1007,1601 1001,1607 998,1616 980,1616 980,1643 1028,1642"/>
          <TextEquiv conf="0.83877486">
            <Unicode>τῷ</Unicode>
          </TextEquiv>
        </Word>
        <Word id="region0001_line0021_word0009" custom="readingOrder {index:9;}">
          <Coords points="1135,1587 1134,1587 1125,1595 1127,1604 1122,1613 1053,1618 1049,1618 1049,1651 1221,1650 1221,1595 1200,1596 1194,1602 1191,1613 1160,1612 1149,1599 1149,1595"/>
          <TextEquiv conf="0.70200545">
            <Unicode>μοχϑηοξ</Unicode>
          </TextEquiv>
        </Word>
        <TextEquiv>
          <Unicode>Sóc δοκῶν εἶναι.» ὁ δὲ μοχιϑηρῦς᾽ due τὴν τῷ μοχϑηοξ</Unicode>
        </TextEquiv>
      </TextLine>
      <TextLine id="region0001_line0022" custom="readingOrder {index:21;}">
        <Coords points="951,1659 945,1665 946,1680 859,1682 846,1663 832,1662 826,1668 826,1684 818,1684 815,1674 807,1669 795,1671 789,1684 721,1685 711,1677 701,1677 694,1685 672,1670 649,1672 645,1677 645,1688 588,1684 530,1686 528,1673 522,1666 512,1666 506,1671 497,1672 494,1676 495,1685 492,1687 454,1687 445,1673 434,1674 424,1667 418,1667 413,1670 397,1670 393,1675 395,1686 390,1689 330,1690 325,1678 320,1674 312,1674 306,1678 304,1690 239,1689 153,1694 152,1738 176,1741 182,1734 217,1731 218,1738 223,1744 233,1745 244,1738 246,1730 280,1730 282,1737 289,1742 304,1741 310,1730 403,1731 530,1725 607,1728 613,1737 624,1737 631,1728 745,1724 943,1721 944,1727 954,1728 966,1721 1010,1719 1125,1717 1132,1723 1140,1723 1146,1717 1164,1717 1205,1720 1213,1725 1223,1722 1287,1721 1286,1687 1241,1685 1234,1678 1220,1676 1130,1676 1130,1665 1125,1663 1109,1664 1100,1677 1096,1676 1087,1664 1079,1661 1067,1663 1059,1677 971,1679 966,1664 960,1659"/>
        <Word id="region0001_line0022_word0000" custom="readingOrder {index:0;}">
          <Coords points="166,1693 167,1723 363,1721 362,1689 330,1690 325,1678 320,1674 312,1674 306,1678 304,1690 239,1689"/>
          <TextEquiv conf="0.7063675">
            <Unicode>μορτυρίων</Unicode>
          </TextEquiv>
        </Word>
        <Word id="region0001_line0022_word0001" custom="readingOrder {index:1;}">
          <Coords points="390,1688 391,1713 463,1712 462,1687 454,1687 445,1673 434,1674 424,1667 418,1667 413,1670 397,1670 393,1675 395,1686"/>
          <TextEquiv conf="0.1662236">
            <Unicode>δὲν</Unicode>
          </TextEquiv>
        </Word>
        <Word id="region0001_line0022_word0002" custom="readingOrder {index:2;}">
          <Coords points="522,1666 512,1666 506,1671 497,1672 494,1676 495,1685 493,1686 494,1709 537,1709 536,1685 530,1686 528,1673"/>
          <TextEquiv conf="0.9525531">
            <Unicode>ὧν</Unicode>
          </TextEquiv>
        </Word>
        <Word id="region0001_line0022_word0003" custom="readingOrder {index:3;}">
          <Coords points="562,1684 562,1709 596,1709 596,1684 588,1684"/>
          <TextEquiv conf="0.66675925">
            <Unicode>v)</Unicode>
          </TextEquiv>
        </Word>
        <Word id="region0001_line0022_word0004" custom="readingOrder {index:4;}">
          <Coords points="616,1685 617,1719 758,1718 757,1684 721,1685 711,1677 701,1677 694,1685 672,1670 649,1672 645,1677 645,1688"/>
          <TextEquiv conf="0.9620025">
            <Unicode>μᾶλλον</Unicode>
          </TextEquiv>
        </Word>
        <Word id="region0001_line0022_word0005" custom="readingOrder {index:5;}">
          <Coords points="780,1684 781,1706 809,1706 808,1669 807,1669 795,1671 789,1684"/>
          <TextEquiv conf="0.9330507">
            <Unicode>οἱ</Unicode>
          </TextEquiv>
        </Word>
        <Word id="region0001_line0022_word0006" custom="readingOrder {index:6;}">
          <Coords points="961,1660 949,1660 945,1665 946,1680 859,1682 846,1663 832,1662 827,1666 828,1718 964,1717 963,1661"/>
          <TextEquiv conf="0.20016328">
            <Unicode>δικάφωι</Unicode>
          </TextEquiv>
        </Word>
        <Word id="region0001_line0022_word0007" custom="readingOrder {index:7;}">
          <Coords points="983,1678 984,1711 1223,1709 1222,1676 1220,1676 1130,1676 1130,1665 1125,1663 1109,1664 1100,1677 1096,1676 1087,1664 1079,1661 1067,1663 1059,1677"/>
          <TextEquiv conf="0.6473636">
            <Unicode>ποσθεησαν,</Unicode>
          </TextEquiv>
        </Word>
        <TextEquiv>
          <Unicode>μορτυρίων δὲν ὧν v) μᾶλλον οἱ δικάφωι ποσθεησαν,</Unicode>
        </TextEquiv>
      </TextLine>
      <TextLine id="region0001_line0023" custom="readingOrder {index:22;}">
        <Coords points="1112,1720 1106,1726 1107,1740 1095,1732 1083,1732 1076,1740 1046,1742 1024,1742 1022,1728 1009,1722 966,1722 954,1729 943,1729 937,1724 926,1723 919,1729 919,1738 922,1742 915,1744 885,1744 879,1739 867,1740 862,1744 826,1744 829,1730 821,1724 810,1725 804,1730 803,1745 770,1746 771,1730 765,1725 757,1725 750,1730 744,1747 655,1748 650,1735 638,1734 633,1738 630,1748 587,1749 555,1748 554,1737 547,1730 533,1731 529,1736 529,1748 490,1748 489,1738 485,1732 480,1728 472,1728 466,1729 463,1733 463,1743 468,1748 449,1751 398,1750 393,1733 387,1730 373,1733 373,1749 282,1750 275,1735 260,1732 252,1732 245,1737 239,1750 234,1746 222,1746 215,1750 204,1745 198,1736 189,1734 182,1735 178,1740 179,1753 152,1755 152,1794 180,1798 184,1794 216,1793 221,1796 232,1793 303,1793 323,1796 332,1791 343,1800 366,1800 402,1793 432,1795 445,1799 455,1799 462,1795 466,1799 474,1799 486,1793 516,1789 748,1787 753,1792 763,1792 769,1786 792,1784 1160,1781 1183,1780 1190,1773 1198,1773 1208,1780 1269,1779 1274,1774 1274,1743 1269,1738 1218,1739 1214,1727 1205,1721 1190,1723 1189,1740 1133,1739 1124,1720"/>
        <Word id="region0001_line0023_word0000" custom="readingOrder {index:0;}">
          <Coords points="169,1753 169,1777 274,1776 274,1734 260,1732 252,1732 245,1737 239,1750 234,1746 222,1746 215,1750 204,1745 198,1736 189,1734 182,1735 178,1740 179,1753"/>
          <TextEquiv conf="0.0">
            <Unicode>αλλοὺ</Unicode>
          </TextEquiv>
        </Word>
        <Word id="region0001_line0023_word0001" custom="readingOrder {index:1;}">
          <Coords points="297,1749 297,1779 406,1778 406,1750 398,1750 393,1733 387,1730 373,1733 373,1749"/>
          <TextEquiv conf="0.34335342">
            <Unicode>TUXOY</Unicode>
          </TextEquiv>
        </Word>
        <Word id="region0001_line0023_word0002" custom="readingOrder {index:2;}">
          <Coords points="423,1750 423,1779 481,1778 481,1728 480,1728 472,1728 466,1729 463,1733 463,1743 468,1748 449,1751"/>
          <TextEquiv conf="0.9314707">
            <Unicode>καὶ</Unicode>
          </TextEquiv>
        </Word>
        <Word id="region0001_line0023_word0003" custom="readingOrder {index:3;}">
          <Coords points="494,1748 494,1769 671,1767 671,1747 655,1748 650,1735 638,1734 633,1738 630,1748 587,1749 555,1748 554,1737 547,1730 533,1731 529,1736 529,1748"/>
          <TextEquiv conf="0.21805733">
            <Unicode>ταναντία</Unicode>
          </TextEquiv>
        </Word>
        <Word id="region0001_line0023_word0004" custom="readingOrder {index:4;}">
          <Coords points="685,1747 685,1772 885,1771 885,1744 879,1739 867,1740 862,1744 826,1744 829,1730 821,1724 810,1725 804,1730 803,1745 770,1746 771,1730 765,1725 757,1725 750,1730 744,1747"/>
          <TextEquiv conf="0.023081131">
            <Unicode>ποιήσοιοαν΄.</Unicode>
          </TextEquiv>
        </Word>
        <Word id="region0001_line0023_word0005" custom="readingOrder {index:5;}">
          <Coords points="910,1744 910,1767 937,1767 937,1725 923,1725 919,1729 919,1738 922,1742 915,1744"/>
          <TextEquiv conf="0.5011528">
            <Unicode>ep</Unicode>
          </TextEquiv>
        </Word>
        <Word id="region0001_line0023_word0006" custom="readingOrder {index:6;}">
          <Coords points="1011,1723 962,1723 954,1729 953,1729 953,1768 1017,1767 1017,1725"/>
          <TextEquiv conf="0.80313075">
            <Unicode>δ᾽</Unicode>
          </TextEquiv>
        </Word>
        <Word id="region0001_line0023_word0007" custom="readingOrder {index:7;}">
          <Coords points="1005,1722 1005,1777 1024,1777 1024,1742 1022,1728 1009,1722"/>
          <TextEquiv conf="0.9459637">
            <Unicode>ὁ</Unicode>
          </TextEquiv>
        </Word>
        <Word id="region0001_line0023_word0008" custom="readingOrder {index:8;}">
          <Coords points="1124,1720 1111,1720 1106,1726 1107,1740 1095,1732 1083,1732 1076,1740 1046,1742 1033,1742 1033,1766 1144,1765 1144,1739 1133,1739"/>
          <TextEquiv conf="0.9330347">
            <Unicode>καλὸς</Unicode>
          </TextEquiv>
        </Word>
        <Word id="region0001_line0023_word0009" custom="readingOrder {index:9;}">
          <Coords points="1158,1739 1158,1764 1222,1764 1222,1738 1218,1739 1214,1727 1205,1721 1190,1723 1189,1740"/>
          <TextEquiv conf="0.8242955">
            <Unicode>κῶ-</Unicode>
          </TextEquiv>
        </Word>
        <TextEquiv>
          <Unicode>αλλοὺ TUXOY καὶ ταναντία ποιήσοιοαν΄. ep δ᾽ ὁ καλὸς κῶ-</Unicode>
        </TextEquiv>
      </TextLine>
      <TextLine id="region0001_line0024" custom="readingOrder {index:23;}">
        <Coords points="1190,1774 1183,1781 1182,1800 1179,1802 1139,1800 1133,1794 1110,1794 1102,1803 1071,1805 1064,1790 1055,1783 1046,1783 1040,1788 1039,1805 1010,1804 1008,1792 999,1784 987,1785 980,1794 977,1806 921,1806 907,1786 892,1784 876,1786 868,1802 862,1798 850,1798 842,1802 804,1806 803,1798 794,1788 781,1787 776,1794 779,1809 711,1811 680,1810 676,1807 667,1807 663,1811 629,1811 625,1809 625,1800 617,1792 605,1791 595,1807 576,1803 521,1812 501,1812 500,1805 494,1798 482,1797 467,1800 462,1813 398,1814 394,1802 389,1798 382,1798 364,1801 361,1805 361,1815 350,1816 338,1814 342,1809 342,1800 332,1792 323,1797 308,1795 304,1800 304,1815 278,1815 273,1799 268,1795 260,1795 254,1799 252,1807 244,1800 232,1800 224,1806 220,1815 153,1814 152,1865 183,1865 208,1859 409,1853 561,1854 567,1861 579,1862 585,1854 612,1856 619,1851 631,1850 680,1851 690,1855 701,1855 705,1852 748,1853 755,1857 774,1852 787,1858 794,1852 814,1849 835,1849 842,1857 853,1857 860,1849 897,1847 902,1857 917,1859 929,1845 1263,1840 1268,1835 1268,1824 1279,1820 1279,1787 1276,1783 1259,1782 1255,1779 1245,1779 1241,1782 1209,1783 1198,1774"/>
        <Word id="region0001_line0024_word0000" custom="readingOrder {index:0;}">
          <Coords points="167,1814 168,1839 290,1838 289,1815 278,1815 273,1799 268,1795 260,1795 254,1799 252,1807 244,1800 232,1800 224,1806 220,1815"/>
          <TextEquiv conf="0.65870637">
            <Unicode>γαϑὸς</Unicode>
          </TextEquiv>
        </Word>
        <Word id="region0001_line0024_word0001" custom="readingOrder {index:1;}">
          <Coords points="302,1815 303,1830 404,1829 403,1813 398,1814 394,1802 389,1798 382,1798 364,1801 361,1805 361,1815 350,1816 338,1814 342,1809 342,1800 332,1792 323,1797 308,1795 304,1800 304,1815"/>
          <TextEquiv conf="0.96041536">
            <Unicode>δοκῶν</Unicode>
          </TextEquiv>
        </Word>
        <Word id="region0001_line0024_word0002" custom="readingOrder {index:2;}">
          <Coords points="419,1813 420,1830 542,1829 541,1808 521,1812 501,1812 500,1805 494,1798 482,1797 467,1800 462,1813"/>
          <TextEquiv conf="0.90238374">
            <Unicode>ταῦτα</Unicode>
          </TextEquiv>
        </Word>
        <Word id="region0001_line0024_word0003" custom="readingOrder {index:3;}">
          <Coords points="561,1805 562,1838 702,1837 701,1810 680,1810 676,1807 667,1807 663,1811 629,1811 625,1809 625,1800 617,1792 605,1791 595,1807 576,1803"/>
          <TextEquiv conf="0.25871834">
            <Unicode>Quae,</Unicode>
          </TextEquiv>
        </Word>
        <Word id="region0001_line0024_word0004" custom="readingOrder {index:4;}">
          <Coords points="736,1810 736,1834 795,1833 794,1788 794,1788 781,1787 776,1794 779,1809"/>
          <TextEquiv conf="0.9330557">
            <Unicode>καὶ</Unicode>
          </TextEquiv>
        </Word>
        <Word id="region0001_line0024_word0005" custom="readingOrder {index:5;}">
          <Coords points="813,1805 814,1838 952,1837 951,1806 921,1806 907,1786 892,1784 876,1786 868,1802 862,1798 850,1798 842,1802"/>
          <TextEquiv conf="0.6598273">
            <Unicode>σῴοδρα</Unicode>
          </TextEquiv>
        </Word>
        <Word id="region0001_line0024_word0006" custom="readingOrder {index:6;}">
          <Coords points="972,1806 973,1824 1018,1823 1017,1804 1010,1804 1008,1792 999,1784 987,1785 980,1794 977,1806"/>
          <TextEquiv conf="0.9518365">
            <Unicode>ὧν</Unicode>
          </TextEquiv>
        </Word>
        <Word id="region0001_line0024_word0007" custom="readingOrder {index:7;}">
          <Coords points="1039,1805 1039,1825 1131,1824 1130,1794 1110,1794 1102,1803 1071,1805 1064,1790 1055,1783 1046,1783 1040,1788 1039,1805"/>
          <TextEquiv conf="0.24858429">
            <Unicode>δοκοὶ</Unicode>
          </TextEquiv>
        </Word>
        <Word id="region0001_line0024_word0008" custom="readingOrder {index:8;}">
          <Coords points="1139,1800 1139,1824 1253,1823 1252,1779 1245,1779 1241,1782 1209,1783 1198,1774 1190,1774 1183,1781 1182,1800 1179,1802 1139,1800"/>
          <TextEquiv conf="0.3748806">
            <Unicode>τοῦ.</Unicode>
          </TextEquiv>
        </Word>
        <TextEquiv>
          <Unicode>γαϑὸς δοκῶν ταῦτα Quae, καὶ σῴοδρα ὧν δοκοὶ τοῦ.</Unicode>
        </TextEquiv>
      </TextLine>
      <TextLine id="region0001_line0025" custom="readingOrder {index:24;}">
        <Coords points="1144,1844 1138,1849 1132,1865 1119,1865 1118,1857 1111,1850 1087,1851 1082,1858 1081,1866 952,1867 952,1853 946,1848 937,1848 928,1858 925,1869 839,1867 834,1858 821,1857 809,1868 785,1871 784,1860 770,1853 757,1858 758,1869 751,1872 706,1873 691,1873 689,1857 685,1853 673,1852 661,1854 655,1859 655,1876 586,1874 581,1864 567,1862 557,1855 546,1856 542,1859 487,1859 482,1864 481,1877 428,1878 427,1866 422,1860 399,1859 395,1862 382,1855 370,1858 350,1856 346,1859 316,1861 311,1866 310,1877 293,1877 281,1872 274,1862 260,1860 254,1866 255,1878 252,1880 152,1877 153,1919 302,1919 308,1925 316,1925 322,1919 351,1918 357,1924 365,1924 372,1918 426,1917 449,1917 464,1926 471,1917 562,1918 706,1913 728,1915 735,1920 750,1920 756,1916 762,1921 770,1921 781,1913 901,1909 905,1922 919,1923 927,1917 931,1909 944,1908 1287,1903 1286,1863 1241,1862 1236,1858 1227,1859 1222,1863 1159,1864 1159,1847 1155,1844"/>
        <Word id="region0001_line0025_word0000" custom="readingOrder {index:0;}">
          <Coords points="159,1877 160,1909 223,1908 222,1879"/>
          <TextEquiv conf="0.5055702">
            <Unicode>τὰ</Unicode>
          </TextEquiv>
        </Word>
        <Word id="region0001_line0025_word0001" custom="readingOrder {index:1;}">
          <Coords points="351,1856 349,1856 346,1859 316,1861 311,1866 310,1877 293,1877 281,1872 274,1862 260,1860 254,1866 255,1878 252,1880 248,1879 249,1908 364,1907 363,1857"/>
          <TextEquiv conf="0.9053791">
            <Unicode>ἀληϑὴ</Unicode>
          </TextEquiv>
        </Word>
        <Word id="region0001_line0025_word0002" custom="readingOrder {index:2;}">
          <Coords points="382,1855 383,1910 478,1909 477,1877 428,1878 427,1866 422,1860 399,1859 395,1862"/>
          <TextEquiv conf="0.5093871">
            <Unicode>εἶνω.</Unicode>
          </TextEquiv>
        </Word>
        <Word id="region0001_line0025_word0003" custom="readingOrder {index:3;}">
          <Coords points="558,1855 547,1855 546,1856 542,1859 537,1859 537,1900 637,1899 637,1875 586,1874 581,1864 567,1862"/>
          <TextEquiv conf="0.9246069">
            <Unicode>Ἴσως</Unicode>
          </TextEquiv>
        </Word>
        <Word id="region0001_line0025_word0004" custom="readingOrder {index:4;}">
          <Coords points="679,1852 668,1852 661,1854 660,1854 660,1899 698,1898 698,1873 691,1873 689,1857 685,1853"/>
          <TextEquiv conf="0.9598948">
            <Unicode>ὃν</Unicode>
          </TextEquiv>
        </Word>
        <Word id="region0001_line0025_word0005" custom="readingOrder {index:5;}">
          <Coords points="717,1872 717,1904 776,1904 776,1856 770,1853 757,1858 758,1869 751,1872"/>
          <TextEquiv conf="0.7351809">
            <Unicode>καὶ</Unicode>
          </TextEquiv>
        </Word>
        <Word id="region0001_line0025_word0006" custom="readingOrder {index:6;}">
          <Coords points="801,1869 801,1894 831,1894 831,1857 821,1857 809,1868"/>
          <TextEquiv conf="0.9541989">
            <Unicode>οἱ</Unicode>
          </TextEquiv>
        </Word>
        <Word id="region0001_line0025_word0007" custom="readingOrder {index:7;}">
          <Coords points="947,1848 936,1848 928,1858 925,1869 848,1867 849,1908 1021,1906 1020,1866 952,1867 952,1853"/>
          <TextEquiv conf="0.6823665">
            <Unicode>παρόντες</Unicode>
          </TextEquiv>
        </Word>
        <Word id="region0001_line0025_word0008" custom="readingOrder {index:8;}">
          <Coords points="1159,1848 1138,1848 1138,1849 1132,1865 1119,1865 1118,1857 1111,1850 1087,1851 1082,1858 1081,1866 1034,1866 1034,1894 1167,1893 1167,1863 1159,1864"/>
          <TextEquiv conf="0.36061433">
            <Unicode>Toig</Unicode>
          </TextEquiv>
        </Word>
        <Word id="region0001_line0025_word0009" custom="readingOrder {index:9;}">
          <Coords points="1155,1844 1144,1844 1140,1847 1140,1905 1174,1904 1174,1863 1159,1864 1159,1847"/>
          <TextEquiv conf="0.36061433">
            <Unicode>OV</Unicode>
          </TextEquiv>
        </Word>
        <Word id="region0001_line0025_word0010" custom="readingOrder {index:10;}">
          <Coords points="1185,1863 1185,1892 1235,1891 1235,1862 1222,1862 1222,1863"/>
          <TextEquiv conf="0.6411967">
            <Unicode>TW</Unicode>
          </TextEquiv>
        </Word>
        <TextEquiv>
          <Unicode>τὰ ἀληϑὴ εἶνω. Ἴσως ὃν καὶ οἱ παρόντες Toig OV TW</Unicode>
        </TextEquiv>
      </TextLine>
      <TextLine id="region0001_line0026" custom="readingOrder {index:25;}">
        <Coords points="1211,1907 1206,1912 1208,1925 1200,1928 1109,1929 1104,1913 1100,1910 1090,1910 1084,1917 1083,1927 1030,1921 1025,1924 968,1931 953,1931 946,1916 934,1914 926,1921 926,1932 918,1934 881,1933 874,1916 869,1912 860,1912 853,1917 853,1932 811,1932 805,1927 793,1927 787,1933 767,1935 734,1935 728,1921 721,1915 694,1915 685,1927 681,1924 624,1925 618,1917 601,1917 598,1921 601,1937 576,1939 498,1938 499,1925 494,1919 478,1920 474,1925 476,1937 463,1939 462,1927 449,1918 440,1924 433,1939 313,1940 308,1930 300,1925 284,1927 279,1938 272,1940 272,1924 266,1920 258,1920 252,1925 246,1940 153,1940 152,1982 339,1981 343,1984 351,1984 356,1980 408,1980 410,1988 419,1992 437,1984 438,1980 514,1980 522,1983 571,1983 577,1987 596,1984 601,1988 610,1988 618,1982 640,1980 657,1980 661,1987 679,1986 686,1977 711,1973 845,1972 891,1974 896,1982 903,1983 915,1973 981,1971 1016,1972 1021,1982 1031,1983 1041,1972 1085,1971 1100,1976 1106,1971 1123,1970 1127,1973 1137,1970 1174,1970 1183,1976 1198,1976 1203,1973 1208,1976 1219,1976 1224,1972 1274,1969 1286,1965 1287,1924 1235,1925 1233,1915 1226,1908"/>
        <Word id="region0001_line0026_word0000" custom="readingOrder {index:0;}">
          <Coords points="169,1940 169,1966 372,1964 372,1939 313,1940 308,1930 300,1925 284,1927 279,1938 272,1940 272,1924 266,1920 258,1920 252,1925 246,1940"/>
          <TextEquiv conf="0.30428603">
            <Unicode>“πεπόνθασι</Unicode>
          </TextEquiv>
        </Word>
        <Word id="region0001_line0026_word0001" custom="readingOrder {index:1;}">
          <Coords points="384,1939 384,1973 471,1972 471,1937 463,1939 462,1927 449,1918 440,1924 433,1939"/>
          <TextEquiv conf="0.90344507">
            <Unicode>πρὸς</Unicode>
          </TextEquiv>
        </Word>
        <Word id="region0001_line0026_word0002" custom="readingOrder {index:2;}">
          <Coords points="483,1919 483,1963 532,1963 532,1938 498,1938 499,1925 494,1919"/>
          <TextEquiv conf="0.67545074">
            <Unicode>c,</Unicode>
          </TextEquiv>
        </Word>
        <Word id="region0001_line0026_word0003" custom="readingOrder {index:3;}">
          <Coords points="554,1938 554,1975 620,1974 620,1919 618,1917 601,1917 598,1921 601,1937 576,1939"/>
          <TextEquiv conf="0.8783547">
            <Unicode>καὶ</Unicode>
          </TextEquiv>
        </Word>
        <Word id="region0001_line0026_word0004" custom="readingOrder {index:4;}">
          <Coords points="630,1924 630,1972 782,1970 782,1933 767,1935 734,1935 728,1921 721,1915 694,1915 685,1927 681,1924"/>
          <TextEquiv conf="0.4385711">
            <Unicode>Ἡροδικον</Unicode>
          </TextEquiv>
        </Word>
        <Word id="region0001_line0026_word0005" custom="readingOrder {index:5;}">
          <Coords points="805,1927 796,1927 796,1937 807,1937 807,1928"/>
          <TextEquiv conf="0.45998135">
            <Unicode>"</Unicode>
          </TextEquiv>
        </Word>
        <Word id="region0001_line0026_word0006" custom="readingOrder {index:6;}">
          <Coords points="870,1913 858,1913 853,1917 853,1932 828,1932 828,1957 886,1957 886,1933 881,1933 874,1916"/>
          <TextEquiv conf="0.9233714">
            <Unicode>τὸν</Unicode>
          </TextEquiv>
        </Word>
        <Word id="region0001_line0026_word0007" custom="readingOrder {index:7;}">
          <Coords points="940,1915 932,1915 926,1921 926,1932 918,1934 901,1933 901,1967 960,1967 960,1931 953,1931 946,1916"/>
          <TextEquiv conf="0.93301094">
            <Unicode>μὲν</Unicode>
          </TextEquiv>
        </Word>
        <Word id="region0001_line0026_word0008" custom="readingOrder {index:8;}">
          <Coords points="977,1929 977,1967 1136,1965 1136,1928 1109,1929 1104,1913 1100,1910 1090,1910 1084,1917 1083,1927 1030,1921 1025,1924"/>
          <TextEquiv conf="0.40194634">
            <Unicode>σοφιξῆν.</Unicode>
          </TextEquiv>
        </Word>
        <Word id="region0001_line0026_word0009" custom="readingOrder {index:9;}">
          <Coords points="1164,1928 1164,1959 1226,1959 1226,1908 1211,1907 1206,1912 1208,1925 1200,1928"/>
          <TextEquiv conf="0.8397302">
            <Unicode>καὶ</Unicode>
          </TextEquiv>
        </Word>
        <TextEquiv>
          <Unicode>“πεπόνθασι πρὸς c, καὶ Ἡροδικον " τὸν μὲν σοφιξῆν. καὶ</Unicode>
        </TextEquiv>
      </TextLine>
      <TextLine id="region0001_line0027" custom="readingOrder {index:26;}">
        <Coords points="711,1974 701,1979 685,1980 679,1987 661,1988 658,1999 614,1997 606,2001 588,2002 557,2002 554,1987 545,1983 526,1984 520,1991 519,2002 454,2001 451,1989 439,1985 418,1993 418,1999 414,2001 403,2001 398,1986 385,1985 379,1989 376,2001 296,2004 297,1990 294,1986 263,1985 254,1991 253,2005 221,2005 216,1999 207,1997 201,1988 186,1986 181,1991 181,2006 152,2006 153,2045 249,2047 260,2054 272,2054 280,2047 302,2044 330,2045 340,2051 346,2051 358,2046 408,2048 419,2043 531,2041 575,2043 580,2052 591,2053 598,2045 612,2048 618,2045 677,2038 957,2034 995,2036 1002,2039 1050,2037 1066,2041 1078,2036 1095,2038 1123,2032 1168,2031 1174,2039 1191,2040 1196,2036 1198,2029 1287,2027 1286,1987 1188,1989 1183,1977 1174,1971 1158,1973 1156,1991 1147,1990 1147,1975 1137,1971 1117,1978 1114,1982 1114,1994 1105,1994 1102,1978 1088,1973 1077,1977 1078,1991 1072,1994 926,1994 925,1978 915,1974 902,1985 899,1995 829,1996 817,1990 806,1990 800,1995 765,1996 764,1986 759,1981 724,1979 717,1974"/>
        <Word id="region0001_line0027_word0000" custom="readingOrder {index:0;}">
          <Coords points="171,2006 172,2036 353,2034 352,2001 296,2004 297,1990 294,1986 263,1985 254,1991 253,2005 221,2005 216,1999 207,1997 201,1988 186,1986 181,1991 181,2006"/>
          <TextEquiv conf="0.7632819">
            <Unicode>ἀλαζόνω,</Unicode>
          </TextEquiv>
        </Word>
        <Word id="region0001_line0027_word0001" custom="readingOrder {index:1;}">
          <Coords points="377,1995 378,2032 504,2031 503,2001 454,2001 451,1989 439,1985 418,1993 418,1999 414,2001 403,2001 398,1986 385,1985 379,1989"/>
          <TextEquiv conf="0.5427172">
            <Unicode>ἡγᾶντο</Unicode>
          </TextEquiv>
        </Word>
        <Word id="region0001_line0027_word0002" custom="readingOrder {index:2;}">
          <Coords points="515,2001 516,2037 625,2036 624,1997 614,1997 606,2001 588,2002 557,2002 554,1987 545,1983 526,1984 520,1991 519,2002"/>
          <TextEquiv conf="0.39840126">
            <Unicode>εἶναι!</Unicode>
          </TextEquiv>
        </Word>
        <Word id="region0001_line0027_word0003" custom="readingOrder {index:3;}">
          <Coords points="605,2001 606,2040 623,2040 622,1997 614,1997 606,2001"/>
          <TextEquiv conf="0.8507018">
            <Unicode>,</Unicode>
          </TextEquiv>
        </Word>
        <Word id="region0001_line0027_word0004" custom="readingOrder {index:4;}">
          <Coords points="634,1998 635,2024 680,2023 679,1987 679,1987 661,1988 658,1999"/>
          <TextEquiv conf="0.9613234">
            <Unicode>σὲ</Unicode>
          </TextEquiv>
        </Word>
        <Word id="region0001_line0027_word0005" custom="readingOrder {index:5;}">
          <Coords points="717,1974 711,1974 703,1977 704,2023 738,2023 737,1979 724,1979"/>
          <TextEquiv conf="0.96217406">
            <Unicode>δὲ</Unicode>
          </TextEquiv>
        </Word>
        <Word id="region0001_line0027_word0006" custom="readingOrder {index:6;}">
          <Coords points="916,1974 915,1974 902,1985 899,1995 829,1996 817,1990 806,1990 800,1995 765,1996 764,1986 759,1981 757,1981 758,2023 935,2021 934,1994 926,1994 925,1978"/>
          <TextEquiv conf="0.81311744">
            <Unicode>πολιτικὸν</Unicode>
          </TextEquiv>
        </Word>
        <Word id="region0001_line0027_word0007" custom="readingOrder {index:7;}">
          <Coords points="954,1994 955,2023 1014,2022 1013,1994"/>
          <TextEquiv conf="0.5362432">
            <Unicode>τε,</Unicode>
          </TextEquiv>
        </Word>
        <Word id="region0001_line0027_word0008" custom="readingOrder {index:8;}">
          <Coords points="1093,1975 1082,1975 1077,1977 1078,1991 1072,1994 1037,1994 1038,2026 1097,2026 1096,1975"/>
          <TextEquiv conf="0.9468312">
            <Unicode>καὶ</Unicode>
          </TextEquiv>
        </Word>
        <Word id="region0001_line0027_word0009" custom="readingOrder {index:9;}">
          <Coords points="1144,1974 1129,1974 1117,1978 1114,1982 1114,1994 1113,1994 1114,2028 1225,2027 1224,1988 1188,1989 1183,1977 1178,1973 1158,1974 1156,1991 1147,1990 1147,1975"/>
          <TextEquiv conf="0.6879558">
            <Unicode>ἄνδρα</Unicode>
          </TextEquiv>
        </Word>
        <TextEquiv>
          <Unicode>ἀλαζόνω, ἡγᾶντο εἶναι! , σὲ δὲ πολιτικὸν τε, καὶ ἄνδρα</Unicode>
        </TextEquiv>
      </TextLine>
      <TextLine id="region0001_line0028" custom="readingOrder {index:27;}">
        <Coords points="1157,2032 1151,2036 1145,2051 1135,2045 1124,2045 1117,2052 1100,2053 1095,2039 1078,2037 1073,2041 1074,2054 1030,2055 1025,2041 1021,2037 1012,2037 1004,2041 1003,2055 995,2057 987,2056 987,2047 982,2040 968,2038 961,2045 962,2056 948,2058 925,2058 920,2040 914,2036 906,2036 899,2042 901,2059 872,2061 843,2061 842,2051 837,2045 811,2045 804,2039 793,2039 787,2043 786,2061 718,2059 682,2061 681,2051 676,2046 651,2050 645,2063 572,2063 572,2050 568,2045 543,2044 535,2054 535,2066 508,2065 500,2057 489,2057 482,2065 451,2065 449,2048 435,2045 417,2045 408,2049 375,2047 371,2050 347,2051 343,2053 340,2064 330,2058 322,2059 316,2065 307,2059 297,2059 290,2066 239,2067 234,2052 229,2048 220,2048 212,2056 214,2069 153,2068 152,2110 183,2112 195,2116 210,2114 216,2119 224,2119 232,2111 261,2108 391,2106 414,2108 420,2115 434,2118 442,2114 447,2107 477,2103 568,2105 693,2101 742,2103 746,2111 758,2112 765,2103 821,2099 860,2102 867,2109 878,2109 885,2102 915,2104 926,2099 1099,2093 1163,2093 1171,2100 1178,2101 1188,2093 1286,2087 1287,2050 1173,2051 1170,2035 1167,2032"/>
        <Word id="region0001_line0028_word0000" custom="readingOrder {index:0;}">
          <Coords points="171,2068 171,2098 230,2097 230,2048 229,2048 220,2048 212,2056 214,2069"/>
          <TextEquiv conf="0.6982843">
            <Unicode>A9)</Unicode>
          </TextEquiv>
        </Word>
        <Word id="region0001_line0028_word0001" custom="readingOrder {index:1;}">
          <Coords points="246,2066 246,2089 369,2088 369,2050 347,2051 343,2053 340,2064 330,2058 322,2059 316,2065 307,2059 297,2059 290,2066"/>
          <TextEquiv conf="0.31628066">
            <Unicode>πολλξ</Unicode>
          </TextEquiv>
        </Word>
        <Word id="region0001_line0028_word0002" custom="readingOrder {index:2;}">
          <Coords points="390,2047 390,2100 500,2099 500,2057 489,2057 482,2065 451,2065 449,2048 435,2045 417,2045 408,2049"/>
          <TextEquiv conf="0.363668">
            <Unicode>ἄξιον᾽</Unicode>
          </TextEquiv>
        </Word>
        <Word id="region0001_line0028_word0003" custom="readingOrder {index:3;}">
          <Coords points="536,2052 536,2088 617,2087 617,2063 572,2063 572,2050 568,2045 543,2044"/>
          <TextEquiv conf="0.6183985">
            <Unicode>ὥκα</Unicode>
          </TextEquiv>
        </Word>
        <Word id="region0001_line0028_word0004" custom="readingOrder {index:4;}">
          <Coords points="640,2063 640,2095 762,2094 762,2060 718,2059 682,2061 681,2051 676,2046 651,2050 645,2063"/>
          <TextEquiv conf="0.74188185">
            <Unicode>οἴονται</Unicode>
          </TextEquiv>
        </Word>
        <Word id="region0001_line0028_word0005" custom="readingOrder {index:5;}">
          <Coords points="804,2039 793,2039 787,2043 786,2061 786,2083 849,2083 849,2061 843,2061 842,2051 837,2045 811,2045"/>
          <TextEquiv conf="0.8235155">
            <Unicode>δὲν</Unicode>
          </TextEquiv>
        </Word>
        <Word id="region0001_line0028_word0006" custom="readingOrder {index:6;}">
          <Coords points="915,2037 904,2037 899,2042 901,2059 872,2061 870,2061 870,2093 917,2092 917,2038"/>
          <TextEquiv conf="0.96566224">
            <Unicode>μὴ</Unicode>
          </TextEquiv>
        </Word>
        <Word id="region0001_line0028_word0007" custom="readingOrder {index:7;}">
          <Coords points="972,2038 967,2038 961,2045 962,2056 948,2058 933,2058 933,2084 1037,2083 1037,2054 1030,2055 1025,2041 1022,2038 1009,2038 1004,2041 1003,2055 995,2057 987,2056 987,2047 982,2040"/>
          <TextEquiv conf="0.96257263">
            <Unicode>αὐτὸν</Unicode>
          </TextEquiv>
        </Word>
        <Word id="region0001_line0028_word0008" custom="readingOrder {index:8;}">
          <Coords points="1086,2038 1076,2038 1073,2041 1074,2054 1050,2054 1050,2081 1107,2081 1107,2052 1100,2053 1095,2039"/>
          <TextEquiv conf="0.9579924">
            <Unicode>τὸν</Unicode>
          </TextEquiv>
        </Word>
        <Word id="region0001_line0028_word0009" custom="readingOrder {index:9;}">
          <Coords points="1170,2036 1151,2036 1145,2051 1135,2045 1124,2045 1122,2047 1122,2088 1226,2088 1226,2050 1173,2051"/>
          <TextEquiv conf="0.96690154">
            <Unicode>λόγον</Unicode>
          </TextEquiv>
        </Word>
        <TextEquiv>
          <Unicode>A9) πολλξ ἄξιον᾽ ὥκα οἴονται δὲν μὴ αὐτὸν τὸν λόγον</Unicode>
        </TextEquiv>
      </TextLine>
      <TextLine id="region0001_line0029" custom="readingOrder {index:28;}">
        <Coords points="1077,2095 1066,2105 1064,2117 930,2119 923,2107 913,2106 907,2111 903,2122 897,2114 888,2112 874,2112 866,2121 838,2121 835,2110 830,2105 818,2106 812,2114 811,2122 785,2124 630,2123 625,2122 623,2115 618,2111 607,2111 600,2120 578,2117 574,2120 545,2124 540,2111 535,2107 526,2107 520,2112 518,2125 479,2126 476,2114 469,2106 457,2107 453,2112 455,2125 446,2126 439,2126 429,2119 418,2120 412,2125 401,2119 394,2110 380,2109 374,2115 375,2128 327,2133 303,2132 300,2120 294,2115 269,2117 264,2131 239,2132 214,2130 213,2122 207,2116 152,2115 153,2171 238,2171 243,2182 257,2184 271,2170 327,2173 385,2168 595,2165 616,2166 635,2174 643,2166 683,2164 740,2167 771,2172 775,2169 801,2168 833,2163 1082,2156 1207,2156 1281,2152 1286,2147 1285,2119 1280,2114 1173,2116 1172,2101 1163,2094 1146,2094 1136,2103 1138,2117 1098,2117 1093,2099 1089,2095"/>
        <Word id="region0001_line0029_word0000" custom="readingOrder {index:0;}">
          <Coords points="172,2115 173,2163 327,2162 326,2132 303,2132 300,2120 294,2115 269,2117 264,2131 239,2132 214,2130 213,2122 207,2116"/>
          <TextEquiv conf="0.032231294">
            <Unicode>Θεωρῶν.</Unicode>
          </TextEquiv>
        </Word>
        <Word id="region0001_line0029_word0001" custom="readingOrder {index:1;}">
          <Coords points="365,2128 366,2147 472,2146 471,2108 469,2106 457,2107 453,2112 455,2125 446,2126 439,2126 429,2119 418,2120 412,2125 401,2119 394,2110 380,2109 374,2115 375,2128"/>
          <TextEquiv conf="0.49505535">
            <Unicode>ἀλλο</Unicode>
          </TextEquiv>
        </Word>
        <Word id="region0001_line0029_word0002" custom="readingOrder {index:2;}">
          <Coords points="492,2125 493,2147 557,2146 556,2122 545,2124 540,2111 535,2107 526,2107 520,2112 518,2125"/>
          <TextEquiv conf="0.7723831">
            <Unicode>τὸς</Unicode>
          </TextEquiv>
        </Word>
        <Word id="region0001_line0029_word0003" custom="readingOrder {index:3;}">
          <Coords points="575,2119 576,2153 773,2152 772,2123 630,2123 625,2122 623,2115 618,2111 607,2111 600,2120 578,2117"/>
          <TextEquiv conf="0.8400657">
            <Unicode>λέγοντας,</Unicode>
          </TextEquiv>
        </Word>
        <Word id="region0001_line0029_word0004" custom="readingOrder {index:4;}">
          <Coords points="814,2111 815,2143 922,2142 921,2106 913,2106 907,2111 903,2122 897,2114 888,2112 874,2112 866,2121 838,2121 835,2110 830,2105 818,2106"/>
          <TextEquiv conf="0.4335239">
            <Unicode>ὁποῖοί</Unicode>
          </TextEquiv>
        </Word>
        <Word id="region0001_line0029_word0005" custom="readingOrder {index:5;}">
          <Coords points="947,2118 948,2142 1035,2141 1034,2117"/>
          <TextEquiv conf="0.8197586">
            <Unicode>τινες</Unicode>
          </TextEquiv>
        </Word>
        <Word id="region0001_line0029_word0006" custom="readingOrder {index:6;}">
          <Coords points="1090,2096 1076,2096 1066,2105 1064,2117 1063,2117 1064,2141 1107,2141 1106,2117 1098,2117 1093,2099"/>
          <TextEquiv conf="0.81027395">
            <Unicode>&amp;y</Unicode>
          </TextEquiv>
        </Word>
        <Word id="region0001_line0029_word0007" custom="readingOrder {index:7;}">
          <Coords points="1164,2095 1144,2095 1140,2099 1141,2141 1226,2141 1225,2115 1173,2116 1172,2101"/>
          <TextEquiv conf="0.48840237">
            <Unicode>ὦσιν.</Unicode>
          </TextEquiv>
        </Word>
        <TextEquiv>
          <Unicode>Θεωρῶν. ἀλλο τὸς λέγοντας, ὁποῖοί τινες &amp;y ὦσιν.</Unicode>
        </TextEquiv>
      </TextLine>
      <TextLine id="region0001_line0030" custom="readingOrder {index:29;}">
        <Coords points="1218,2158 1210,2165 1211,2178 1204,2180 1115,2177 1025,2181 1026,2166 1021,2161 1010,2161 1005,2167 956,2162 915,2162 898,2165 896,2186 880,2184 781,2185 772,2173 762,2174 758,2185 744,2186 743,2178 737,2172 725,2173 719,2186 670,2187 659,2179 634,2178 618,2168 613,2168 606,2178 598,2171 584,2172 579,2179 578,2188 513,2182 508,2177 497,2177 467,2185 463,2195 431,2190 369,2190 366,2180 362,2177 350,2178 343,2192 301,2194 297,2180 290,2172 280,2172 275,2176 276,2192 272,2193 251,2186 216,2187 214,2177 207,2173 153,2172 152,2236 309,2234 328,2240 332,2233 382,2231 428,2235 438,2241 448,2240 455,2235 501,2233 505,2240 517,2242 525,2233 551,2236 556,2231 581,2229 646,2230 648,2236 654,2236 671,2234 674,2229 683,2228 734,2227 750,2229 755,2237 769,2239 776,2235 780,2227 828,2225 882,2229 967,2222 1034,2221 1040,2233 1051,2233 1062,2220 1116,2221 1165,2227 1170,2223 1193,2223 1216,2218 1221,2225 1230,2229 1286,2233 1287,2182 1239,2180 1234,2161 1229,2158"/>
        <Word id="region0001_line0030_word0000" custom="readingOrder {index:0;}">
          <Coords points="172,2172 172,2216 293,2215 293,2175 290,2172 280,2172 275,2176 276,2192 272,2193 251,2186 216,2187 214,2177 207,2173"/>
          <TextEquiv conf="0.13694656">
            <Unicode>"AAA</Unicode>
          </TextEquiv>
        </Word>
        <Word id="region0001_line0030_word0001" custom="readingOrder {index:1;}">
          <Coords points="318,2193 318,2223 451,2221 451,2193 431,2190 369,2190 366,2180 362,2177 350,2178 343,2192"/>
          <TextEquiv conf="0.9263456">
            <Unicode>μέντοι,</Unicode>
          </TextEquiv>
        </Word>
        <Word id="region0001_line0030_word0002" custom="readingOrder {index:2;}">
          <Coords points="484,2180 484,2223 553,2223 553,2185 513,2182 508,2177 497,2177"/>
          <TextEquiv conf="0.9104851">
            <Unicode>ἔφη</Unicode>
          </TextEquiv>
        </Word>
        <Word id="region0001_line0030_word0003" custom="readingOrder {index:3;}">
          <Coords points="581,2176 581,2210 608,2210 608,2175 606,2178 598,2171 584,2172"/>
          <TextEquiv conf="0.63838965">
            <Unicode>ὁ'</Unicode>
          </TextEquiv>
        </Word>
        <Word id="region0001_line0030_word0004" custom="readingOrder {index:4;}">
          <Coords points="616,2168 616,2222 883,2220 883,2184 880,2184 781,2185 772,2173 762,2174 758,2185 744,2186 743,2178 737,2172 725,2173 719,2186 670,2187 659,2179 634,2178 618,2168"/>
          <TextEquiv conf="0.28872338">
            <Unicode>Ἐρασίφξῥωτος,</Unicode>
          </TextEquiv>
        </Word>
        <Word id="region0001_line0030_word0005" custom="readingOrder {index:5;}">
          <Coords points="915,2165 941,2165 941,2209 915,2209"/>
          <TextEquiv conf="0.9460692">
            <Unicode>ὦ</Unicode>
          </TextEquiv>
        </Word>
        <Word id="region0001_line0030_word0006" custom="readingOrder {index:6;}">
          <Coords points="983,2164 964,2165 964,2220 1167,2218 1167,2178 1115,2177 1025,2181 1026,2166 1024,2164 1007,2164 1005,2167"/>
          <TextEquiv conf="0.8349377">
            <Unicode>Σώκρατες,</Unicode>
          </TextEquiv>
        </Word>
        <Word id="region0001_line0030_word0007" custom="readingOrder {index:7;}">
          <Coords points="1229,2158 1218,2158 1210,2165 1211,2178 1204,2180 1196,2179 1196,2222 1197,2222 1216,2218 1218,2222 1231,2222 1231,2159"/>
          <TextEquiv conf="0.23484047">
            <Unicode>6}</Unicode>
          </TextEquiv>
        </Word>
        <Word id="region0001_line0030_word0008" custom="readingOrder {index:8;}">
          <Coords points="1263,2181 1252,2181 1252,2214 1284,2214 1284,2181"/>
          <TextEquiv conf="0.35910583">
            <Unicode>3</Unicode>
          </TextEquiv>
        </Word>
        <TextEquiv>
          <Unicode>"AAA μέντοι, ἔφη ὁ' Ἐρασίφξῥωτος, ὦ Σώκρατες, 6} 3</Unicode>
        </TextEquiv>
      </TextLine>
      <TextLine id="region0001_line0031" custom="readingOrder {index:30;}">
        <Coords points="950,2224 944,2230 945,2246 880,2246 839,2249 834,2247 833,2240 829,2235 818,2234 804,2239 800,2251 752,2249 745,2239 737,2233 721,2235 714,2249 693,2250 671,2250 671,2235 649,2237 645,2247 617,2242 580,2243 563,2245 551,2252 537,2254 478,2253 476,2243 471,2238 458,2239 453,2253 442,2246 431,2246 423,2255 377,2252 326,2254 327,2241 309,2235 305,2237 299,2256 245,2256 244,2246 235,2235 221,2235 217,2240 219,2254 199,2256 190,2248 182,2248 176,2254 153,2254 153,2300 235,2302 237,2299 250,2297 439,2295 469,2296 474,2302 490,2302 495,2296 518,2296 543,2299 548,2303 595,2299 599,2302 612,2303 622,2295 705,2291 762,2292 767,2300 779,2301 786,2291 813,2290 817,2299 832,2300 839,2296 841,2290 877,2291 884,2298 892,2298 904,2290 939,2286 1053,2283 1109,2284 1114,2295 1131,2295 1138,2290 1142,2282 1287,2281 1286,2238 1193,2241 1192,2232 1188,2227 1176,2226 1170,2233 1169,2241 1124,2242 1116,2233 1075,2235 1071,2226 1061,2225 1051,2234 1050,2245 1040,2244 1039,2234 1033,2226 1009,2229 1004,2236 1004,2246 977,2246 973,2234 968,2228 962,2224"/>
        <Word id="region0001_line0031_word0000" custom="readingOrder {index:0;}">
          <Coords points="169,2254 170,2294 226,2293 225,2235 221,2235 217,2240 219,2254 199,2256 190,2248 182,2248 176,2254"/>
          <TextEquiv conf="0.28859085">
            <Unicode>Ἀφ</Unicode>
          </TextEquiv>
        </Word>
        <Word id="region0001_line0031_word0001" custom="readingOrder {index:1;}">
          <Coords points="238,2238 239,2277 416,2276 415,2254 377,2252 326,2254 327,2241 309,2235 305,2237 299,2256 245,2256 244,2246"/>
          <TextEquiv conf="0.28859085">
            <Unicode>σχωστων</Unicode>
          </TextEquiv>
        </Word>
        <Word id="region0001_line0031_word0002" custom="readingOrder {index:2;}">
          <Coords points="428,2249 429,2285 565,2283 564,2244 563,2245 551,2252 537,2254 478,2253 476,2243 471,2238 458,2239 453,2253 442,2246 431,2246"/>
          <TextEquiv conf="0.062538296">
            <Unicode>λέγεις,</Unicode>
          </TextEquiv>
        </Word>
        <Word id="region0001_line0031_word0003" custom="readingOrder {index:3;}">
          <Coords points="583,2242 584,2283 788,2281 787,2250 752,2249 745,2239 737,2233 721,2235 714,2249 693,2250 671,2250 671,2235 649,2237 645,2247 617,2242"/>
          <TextEquiv conf="0.10491936">
            <Unicode>“Φοώνεσθαιρ</Unicode>
          </TextEquiv>
        </Word>
        <Word id="region0001_line0031_word0004" custom="readingOrder {index:4;}">
          <Coords points="805,2238 806,2282 924,2281 923,2246 880,2246 839,2249 834,2247 833,2240 829,2235 818,2234"/>
          <TextEquiv conf="0.7639574">
            <Unicode>ἔμονγε</Unicode>
          </TextEquiv>
        </Word>
        <Word id="region0001_line0031_word0005" custom="readingOrder {index:5;}">
          <Coords points="964,2225 948,2225 945,2228 946,2272 1032,2271 1031,2226 1009,2229 1004,2236 1004,2246 977,2246 973,2234 968,2228"/>
          <TextEquiv conf="0.5083638">
            <Unicode>δοκξξ</Unicode>
          </TextEquiv>
        </Word>
        <Word id="region0001_line0031_word0006" custom="readingOrder {index:6;}">
          <Coords points="1054,2231 1055,2269 1070,2269 1069,2228 1057,2228"/>
          <TextEquiv conf="0.9288318">
            <Unicode>ὁ</Unicode>
          </TextEquiv>
        </Word>
        <Word id="region0001_line0031_word0007" custom="readingOrder {index:7;}">
          <Coords points="1189,2229 1173,2229 1170,2233 1169,2241 1124,2242 1116,2233 1089,2234 1090,2282 1230,2281 1229,2239 1193,2241 1192,2232"/>
          <TextEquiv conf="0.873227">
            <Unicode>Κριτίας</Unicode>
          </TextEquiv>
        </Word>
        <TextEquiv>
          <Unicode>Ἀφ σχωστων λέγεις, “Φοώνεσθαιρ ἔμονγε δοκξξ ὁ Κριτίας</Unicode>
        </TextEquiv>
      </TextLine>
      <TextEquiv>
        <Unicode>μέντοι οἶσθα. εἰ οἷοί τε σοὶ ἐκεῖνοι ταῦτα ὀξνα!. ὦ σὺ
τυγχάνεις αἰτδμενος" ὥσπερ ὧν εἰ “πρὸς τὰς τῷ Ὑραμ-
pisi Φοιτῶν ϑύρας ἀντιβολοίης dava cei yeu uti
«xv ἐπιξήμηνγ μηθὲν ἄλλο πραγματευσαμένῳ, OA AG
ἥντινα λαίων gregory erp ΚΟ δυνήσει πορώττον τὰ τῷ
Yenupterisd ἔργα. Ταῦτα ἐμθ λέγοντος, ὁ Πρόδικος 21
ἀντανήγετο. πρὸς τὸ μειράκιον. ὡς ὠμυνέμενος, αὶ
ἐπιδείξων ταῦτα, ἅπερ σὺ vov δή" ἀγανακτῶν. οἰ φαί-
vórro TW τοῖς Θεοῖς εὐχόμενος. Εἶτοω προσελθὼν à
γυμνασίαρχος coz AAT TER] αὐτὸν ἐκ TS γυμνασίᾳ
ἐκέλευεν, ὡς Bu ἐπιτήδεροι «oie νέοις ὀιαιλεγοόμενον" εἰ δὲ
μὴ ἐπιτήδοιω,, δηλονότι μοχϑηρώ. Τότε δὴ σοι ἕνεκα 23
ταῦτα δῆλθον, ἵνα Sewocho, ὡς ἔχεσιν οἱ ἄνθρωποι
“προς τὴν φιλοσοφίαν" "εἶ μὲν γὲ Πρόδικος “πρωῆν λέγων
ταῦτω μαίνεσθαι! τοῖς vri lio ἐδόκει, ὧν ὅτως, ὥφε wol
ἐκβληϑῆναι ἐκ τῇ γυμνασίῃ᾽ σὺ δὲ νυνὶ ὕτω σφδδρω de-
κεὶς εὖ dice], 9s» 8 μόνον τὰς παρόντας πεῖσαι,
ἀλλὰ καὶ τὸν ἀντιλέγοντα ’ποιῆσαι! ὁμολογεῖν σοι θηλὸνο
ὅτι" ὥσπερ ἐν τοῖς θικωξηρίοις εἰ δύο ἄνϑοωποι τύχοιεν
d'y αὐτὴν μοιρτυρίαν μωρτυρέντες, 0 μὲν καλος κάγα-
Sóc δοκῶν εἶναι.» ὁ δὲ μοχιϑηρῦς᾽ due τὴν τῷ μοχϑηοξ
μορτυρίων δὲν ὧν v) μᾶλλον οἱ δικάφωι ποσθεησαν,
αλλοὺ TUXOY καὶ ταναντία ποιήσοιοαν΄. ep δ᾽ ὁ καλὸς κῶ-
γαϑὸς δοκῶν ταῦτα Quae, καὶ σῴοδρα ὧν δοκοὶ τοῦ.
τὰ ἀληϑὴ εἶνω. Ἴσως ὃν καὶ οἱ παρόντες Toig OV TW
“πεπόνθασι πρὸς c, καὶ Ἡροδικον " τὸν μὲν σοφιξῆν. καὶ
ἀλαζόνω, ἡγᾶντο εἶναι! , σὲ δὲ πολιτικὸν τε, καὶ ἄνδρα
A9) πολλξ ἄξιον᾽ ὥκα οἴονται δὲν μὴ αὐτὸν τὸν λόγον
Θεωρῶν. ἀλλο τὸς λέγοντας, ὁποῖοί τινες &amp;y ὦσιν.
"AAA μέντοι, ἔφη ὁ' Ἐρασίφξῥωτος, ὦ Σώκρατες, 6} 3
Ἀφ σχωστων λέγεις, “Φοώνεσθαιρ ἔμονγε δοκξξ ὁ Κριτίας</Unicode>
      </TextEquiv>
    </TextRegion>
  </Page>
</PcGts>