1586 2388
438 270 499 305 158
679 275 771 309 ΤΗΣ
794 276 979 309 ΟΜΗΡΟΥ͂
999 278 1184 309 ΙΛΙΑΔΟΣ

520 347 632 389 Δώσειν
651 347 674 392 ω
688 350 851 395 ϑεραποντι
870 351 1062 395 καταξεμεν·
1085 358 1151 391 αλλ
1165 358 1359 400 Αγωμεμνων

520 408 629 443 Αντιος
651 410 723 451 ἡλθε
745 410 842 444 ϑεων,
865 423 915 453 καὶ
937 411 1107 459 ὁμοκλῆσας
1129 427 1200 453 επὸς
1220 419 1315 461 ηυδὰ·

459 479 493 500 55
562 467 603 494 Ω
617 473 724 499 πέπον,
747 476 769 495 ὦ
785 469 940 505 Μενελαε,
962 483 1008 511 τιη
1023 474 1056 502 δὲ
1073 464 1108 502 συ
1123 475 1227 516 κηδεαι
1241 476 1338 510 αὐτῶς

517 535 663 575 Ανδρων;
685 548 702 579 η
725 548 769 569 σοι
788 549 876 583 ἀριςα
894 551 1055 586 πεποίηται
1076 554 1157 577 κατὰ
1177 557 1255 578 οἰκον

514 612 609 631 Προς
609 605 746 634 Τρωων·
768 605 827 626 τῶν
841 607 930 637 μητις
952 596 1122 641 ὑπεκφυγοι
1145 614 1234 634 αἰπὺν
1257 601 1399 648 ολεϑρον,

515 669 629 698 Χείρας
642 658 673 690 ϑ
686 659 852 703 ἡμετέρας·
875 663 942 705 μηδ᾽
963 664 1064 698 ὀντινα
1079 675 1182 708 γάςερι
1203 677 1303 709 μητηρ

513 713 611 748 Kȣρον
628 723 716 738 ςοντα
735 722 835 750 φεροι,
856 720 926 751 μηδ᾽
940 719 972 748 ὃς
987 724 1099 755 Φυγοι·
1121 721 1186 747 αλλ
1205 722 1270 758 ἀμὰ
1285 710 1400 757 πάντες

454 782 494 814 60
516 777 581 810 Ιλιȣ
602 779 805 820 εξαπολοιατ᾽,
825 784 960 827 ἀκηδεςοι
986 796 1037 826 καὶ
1059 789 1209 828 αφαντοί.

555 843 619 867 Ώς
643 849 732 871 εἰπων
752 843 884 886 ετρεψεν
905 844 1053 889 αδελφειȣ
1076 851 1195 892 φρενας
1215 846 1304 890 ἡρώς,

511 900 627 940 Αἰσιμα
647 911 824 945 παρειπων·
848 906 863 938 ὁ
884 905 909 938 δ
929 920 988 941 ἀπὸ
1009 906 1082 941 ἐϑεν
1100 918 1197 942 ὠσᾶτο
1216 918 1299 952 χειρὶ

508 964 601 1007 Ἢρω
620 966 776 1009 Αδρηςον·
799 979 849 1000 τὸν
871 968 903 1001 δε
926 981 1030 1013 κρείων
1050 975 1244 1013 Αγαμεμνων

509 1022 598 1057 Ουτὰ
612 1035 691 1057 κατὰ
706 1025 865 1070 λαπαρην·
887 1027 902 1059 ὁ
916 1029 936 1060 δ᾽
943 1031 1131 1074 ανετράπετ᾽·
1156 1032 1302 1077 Ατρειδὴς
1316 1035 1349 1068 δὲ

446 1087 483 1124 65
508 1084 582 1122 Λαξ
604 1099 635 1118 εν
658 1086 757 1130 ςηθεσι
770 1090 832 1130 βὰς
848 1088 997 1129 εξεσπασε
1010 1093 1142 1135 μειλινον
1156 1104 1262 1135 εγχος.

507 1144 611 1181 Νεςωρ
633 1138 659 1170 δ᾽
679 1145 849 1183 Αργειοισιν
871 1149 1030 1181 ἐκεκλετὸ,
1053 1163 1170 1188 μακρὸν
1192 1152 1305 1184 αϋσας·

548 1207 591 1241 Ω
605 1208 702 1247 φίλοι,
723 1207 816 1248 ἥρωες
837 1213 968 1248 Δαναοι,
994 1211 1188 1255 ϑεραποντες
1208 1215 1304 1256 Αρηος,

504 1263 603 1305 Μῆητις
620 1273 672 1295 νυν
689 1275 800 1307 εναρων
820 1267 1069 1309 επιβαλλομενος,
1091 1272 1261 1312 μετοπισϑε

503 1328 665 1372 Μιμνετο,
686 1327 724 1366 ὡς
739 1342 791 1363 κεν
810 1332 920 1366 πλεῖςα
934 1336 1039 1378 φερων
1054 1346 1104 1369 ἐπὶ
1119 1347 1191 1382 νηὰς
1207 1338 1317 1384 ἱκῆται·

440 1400 481 1419 70
498 1388 582 1421 Αλλ᾽
598 1390 710 1431 ανδρας
726 1402 905 1432 κτεινωμεν·
926 1404 1032 1427 επειτὰ
1046 1394 1078 1427 δε
1094 1390 1144 1437 καὶ
1159 1406 1199 1429 τὰ
1213 1398 1314 1442 ἐκηλοι

500 1453 621 1497 Νεκρȣς
642 1456 789 1497 ἀμπεδιον
807 1458 953 1502 συλήσετε
977 1460 1170 1498 τεϑνειωτὰς,

542 1524 584 1541 Ως
622 1526 728 1542 εἰπὼν,
750 1527 864 1551 ὠτρὺνε
878 1528 967 1549 μενος
981 1524 1030 1554 καὶ
1046 1508 1147 1555 ϑυμον
1164 1521 1268 1551 ἑκαςȣ..

432 1706 470 1741 75
497 1696 534 1728 Ει
549 1709 590 1736 μὴ
606 1695 650 1739 ἀρ
667 1698 749 1730 Αινεια
787 1711 821 1733 τε
833 1712 882 1742 καὶ
895 1701 1014 1747 Ἕκτορι
1031 1716 1096 1738 εἰπε
1107 1714 1249 1748 παραςὰς

449 1574 581 1609 Eνθα
597 1586 649 1606 κεν
663 1587 736 1611 αυτε
760 1589 855 1618 Τρωες
869 1581 1044 1622 ἀρηϊφιλων
1061 1581 1110 1614 ὑπ᾽
1122 1584 1255 1625 Αχραιων

497 1635 580 1669 Ιλιον
603 1639 819 1680 εἰσανεβησαν,
839 1641 1015 1686 ἀναλκείησι
1035 1641 1196 1685 δαμεντες,

496 1757 664 1803 Πριαμιδης
686 1771 816 1799 Ελενος,
838 1765 1022 1803 οἰωνοπολων
1047 1764 1097 1805 οχ
1120 1774 1238 1809 ἄριςος·

1274 1834 1381 1869 Aινεια

448 1958 485 1988 V.
505 1963 552 1992 15.
575 1962 623 1995 τιη
639 1958 685 1986 für
698 1958 745 1988 διὰ
761 1965 798 1991 τι.
843 1974 887 1982 —
907 1962 956 2000 56.
981 1970 999 2001 η
1013 1969 1058 1991 σοι
1072 1972 1122 2003 αρ.
1145 1979 1168 1986 --
1191 1964 1302 2007 Gewiſs
1320 1965 1377 1997 ha-

404 2004 483 2036 ben's
497 2008 543 2035 die
559 2013 649 2038 Troër
668 2019 715 2039 um
734 2005 799 2040 dich
822 2012 852 2041 in
867 2011 976 2043 deinem
993 2012 1089 2052 Hauſe
1102 2016 1240 2049 verdient.
1259 2034 1281 2040 --
1302 2018 1378 2051 Eine

400 2058 485 2090 bittre
501 2059 615 2093 Ironie!
659 2078 700 2083 —
719 2067 770 2094 60.
796 2061 884 2101 εξαπ.
901 2083 916 2089 -
936 2065 982 2097 fur
997 2063 1204 2105 εξαπολοιντο.
1216 2080 1239 2088 -
1249 2062 1338 2119 ακηδ.
1353 2084 1374 2092 —

399 2113 446 2144 die
463 2113 571 2156 gröſste
587 2117 729 2152 Schmach
745 2119 791 2154 bei
806 2121 865 2154 den
881 2123 978 2158 Alten.
