2639 3953
683 930 732 963 O.
749 927 798 962 N,

698 1281 773 1318 [89]

700 1324 773 1378 [90]

689 2083 802 2135 0.N.

692 2595 739 2637 O.
748 2579 803 2636 R.

693 2733 772 2775 [91]

868 517 908 547 2.
914 492 1141 547 Decembris
1164 489 1330 558 vorigen
1351 485 1470 558 Jahrs
1485 481 1749 555 abgehaltene
1760 488 1909 538 Receſs,
1923 490 2004 536 mit
2016 485 2308 545 nochmahliger
2316 486 2429 539 Bit⸗

865 559 928 611 te/
971 551 1354 617 Gegen ⸗ Anwalten
1381 556 1422 593 in
1444 557 1600 605 pœnam
1624 547 1820 593 retardatæ
1842 546 1915 590 litis
1940 551 1989 601 zu
2006 542 2317 597 condemniren/
2345 547 2433 591 und

867 622 956 664 deim
972 616 1142 674 juͤngern
1163 605 1509 675 Reichs ⸗ Abſchied
1517 610 1668 666 gemaͤß
1685 602 1747 662 die
1763 601 1914 663 Urtheil
1932 614 2055 660 gegen
2067 610 2141 650 den
2155 597 2429 666 Hoch.⸗Fuͤrſtl.

868 674 1005 729 Herrn
1013 672 1280 716 Succeſſorem
1298 668 1463 726 ergehen
1482 674 1533 722 zu
1548 665 1689 722 laſſen/
1711 665 1813 717 auch
1829 667 1906 710 das
1926 662 2155 706 mandatum
2165 662 2221 702 de
2238 672 2429 716 exequen-

868 738 958 781 do,
991 750 1083 776 cum
1104 736 1359 776 declaratione
1387 728 1534 775 pœnæ,
1565 717 1604 760 &
1619 716 1948 763 condemnatione
1968 717 2014 757 in
2042 709 2240 768 expenſas,
2259 722 2328 757 an
2355 716 2428 760 des

869 783 1183 840 Schwaͤbiſchen
1203 781 1378 839 Crayſes
1397 785 1557 834 Herren
1575 776 1886 835 ausſchreibende
1898 773 2063 833 Fuͤrſten
2081 760 2262 831 gnaͤdigſt
2278 764 2435 825 foͤrder⸗

866 857 937 896 lich
955 862 1003 896 zu
1020 855 1224 896 erkennen.

1336 897 1492 955 Lunæ
1517 916 1574 964 15.
1589 892 1832 950 Februarii
1846 911 1962 957 1712.

1039 988 1099 1029 Lt.
1110 979 1417 1037 Steinhauſen:
1449 979 1495 1021 In
1510 977 1630 1034 ſpecie
1645 976 1756 1040 Jhro
1766 974 1911 1019 Excell.
1918 980 1991 1022 den
2006 975 2143 1027 Herrn
2156 973 2335 1030 Graffen
2349 978 2431 1020 von

867 1041 1105 1098 Montforth
1122 1046 1202 1086 und
1210 1040 1314 1090 ſeine
1323 1034 1437 1094 Frau
1448 1034 1698 1090 Schweſter/
1716 1037 1794 1080 die
1803 1030 1916 1087 Frau
1927 1029 2101 1083 Graͤffin
2119 1035 2198 1076 von
2206 1027 2329 1088 Zeyl/
2357 1037 2465 1082 pro

866 1099 1035 1143 intereſſe
1061 1096 1302 1150 betreffend/
1332 1093 1530 1147 erſcheinet
1560 1085 1756 1149 nahmens
1786 1083 2108 1143 hochgedachter
2109 1087 2270 1138 Seiner
2299 1085 2440 1142 Hoch⸗

868 1160 1028 1212 Graͤffl.
1046 1158 1191 1199 Excell.
1208 1154 1344 1213 Herrn
1362 1152 1528 1207 Anton/
1553 1148 1734 1205 Graffen
1753 1157 1801 1202 zu
1820 1145 2086 1197 Montforth/
2107 1145 2193 1184 und
2219 1147 2344 1190 Mariæ
2368 1144 2434 1189 Iſa-

869 1219 970 1260 bellæ
986 1213 1206 1263 Franciſcæ,
1234 1211 1409 1266 Graͤffin
1425 1219 1473 1267 zu
1489 1207 1614 1266 Zeyl/
1641 1203 1758 1256 krafft
1779 1206 2079 1261 Hoch⸗ Graͤffl.
2100 1204 2365 1257 Vollmacht/
2395 1204 2432 1255 ſo

869 1269 1034 1323 hiermit
1051 1264 1118 1309 ſub
1134 1266 1189 1306 lit.
1196 1266 1248 1307 A.
1268 1262 1467 1320 uͤbergibt/
1487 1261 1712 1315 produciret
1730 1258 1884 1314 darauf
1894 1256 2050 1300 ſchema
2061 1252 2350 1311 genealogicum
2368 1253 2435 1300 ſub

869 1330 926 1372 lit.
940 1329 984 1370 B.
1001 1332 1081 1374 und
1094 1325 1240 1372 weilen
1248 1326 1408 1369 daraus
1424 1329 1473 1377 zu
1487 1319 1640 1375 erſehen
1660 1320 1727 1374 iſt/
1753 1318 1831 1372 daß
1851 1315 2126 1373 hochgedachte
2147 1303 2243 1366 ſeine
2261 1312 2435 1369 gnaͤdige

869 1388 1111 1444 Principales,
1111 1386 1235 1440 neben
1253 1390 1318 1433 der
1330 1382 1441 1440 Frau
1453 1383 1625 1439 Graͤffin
1638 1391 1719 1431 von
1731 1378 2045 1431 Manderſcheid
2048 1372 2126 1433 und
2136 1377 2249 1432 Frau
2259 1377 2444 1431 Graͤffin

871 1456 950 1496 von
969 1447 1108 1502 Kuhn/
1121 1455 1174 1492 an
1189 1441 1300 1504 Jhro
1318 1443 1487 1496 Durchl.
1499 1448 1567 1491 des
1577 1441 1743 1498 Fuͤrſten
1759 1441 1838 1479 von
1849 1436 2211 1493 Schwartzenberg
2226 1443 2305 1484 und
2316 1436 2436 1482 Conſ.

872 1504 952 1548 aus
968 1505 1036 1546 der
1048 1499 1250 1549 Urſachen
1266 1495 1435 1550 gleiches
1451 1490 1822 1548 ſucceſſions-Recht
1839 1500 1888 1548 zu
1898 1487 2033 1544 ſuchen
2052 1493 2134 1534 und
2153 1477 2378 1543 prætenſion
2388 1495 2437 1541 zu

871 1561 1033 1611 machen
1050 1559 1205 1611 haben/
1218 1549 1360 1606 weilen
1368 1549 1483 1606 Dero
1494 1554 1607 1611 Frau
1624 1554 1789 1602 Mutter
1806 1553 1884 1606 ſeel.
1898 1553 1981 1597 eine
1996 1550 2228 1601 Schweſter
2247 1557 2326 1595 von
2345 1553 2435 1596 dem

872 1615 1248 1670 letzt⸗verſtorbenen
1265 1612 1403 1666 Herrn
1413 1607 1597 1668 Johann
1607 1608 1842 1663 Ludwigen/
1857 1604 2034 1657 Graffen
2053 1614 2101 1659 zu
2116 1604 2251 1660 Sultz/
2261 1603 2447 1658 geweſen

875 1676 943 1728 iſt/
980 1679 1062 1719 und
1084 1682 1183 1719 man
1202 1670 1270 1723 ſich
1289 1681 1337 1711 ex
1355 1677 1464 1722 parte
1483 1671 1607 1722 ſeiner
1623 1665 1859 1721 Principalen
1878 1664 1990 1720 Frau
2008 1665 2175 1712 Mutter
2193 1669 2252 1709 den
2280 1658 2444 1716 ledigen

874 1727 1019 1779 Anfall
1037 1728 1214 1783 jederzeit
1234 1739 1302 1778 per
1316 1721 1528 1780 expreſſum
1552 1719 1807 1775 vorbehalten
1828 1719 1921 1772 hat;
1950 1719 1986 1770 ſo
1998 1714 2181 1776 repetiret
2202 1714 2327 1775 anhero
2358 1716 2436 1764 alle

874 1793 932 1840 im
945 1787 1144 1843 Nahmen
1153 1786 1266 1846 Jhro
1273 1785 1414 1829 Excell.
1425 1793 1489 1832 der
1501 1782 1611 1839 Frau
1619 1781 1798 1838 Graͤffin
1817 1791 1894 1827 von
1910 1778 2223 1833 Manderſcheid/
2233 1783 2313 1824 und
2328 1775 2439 1834 Frau

877 1844 1049 1901 Graͤffin
1065 1854 1145 1893 von
1161 1844 1298 1896 Kuhn/
1309 1842 1472 1890 veruͤbte
1487 1840 1676 1883 retroacta
1695 1839 1812 1887 utilia,
1824 1841 1904 1886 und
1921 1837 2051 1890 bittet/
2060 1832 2439 1891 mehrhochgemeld⸗

870 1908 937 1950 ten
955 1901 1082 1950 ſeinen
1103 1899 1303 1959 gnaͤdigen
1314 1885 1549 1954 Principalen
1563 1895 1779 1953 dasjenige/
1789 1899 1881 1940 was
1891 1890 2034 1952 Jhnen
2052 1901 2129 1939 von
2144 1884 2450 1947 Rechtswegen

873 1963 1042 2021 zukom̃t/
1054 1955 1150 2016 auch
1170 1975 1239 2019 per
1257 1955 1483 2005 ſententiam
1494 1956 1674 2017 gnaͤdigſt
1697 1966 1738 2015 zu
1755 1955 2003 2012 adjudiciren/
2016 1957 2097 2001 und
2110 1957 2178 2002 des
2186 1944 2440 2008 procuratorii

871 2020 1199 2067 recognitionem,
1212 2013 1275 2056 vel
1291 2023 1337 2055 ex
1353 2008 1496 2053 officio.

1333 2076 1535 2131 Veneris
1553 2085 1634 2139 29.
1655 2069 1824 2139 Aprilis
1846 2084 1975 2139 1712.

1046 2146 1109 2191 Lt.
1118 2142 1422 2203 Steinhauſen:
1458 2128 1672 2193 Demnach
1690 2139 1797 2197 Herr
1809 2139 1871 2182 Lt.
1880 2139 2088 2192 Albrecht/
2105 2139 2354 2190 ohnerachtet
2374 2140 2445 2185 der

874 2218 944 2259 am
966 2212 1033 2269 30.
1053 2207 1236 2255 Octobris
1250 2207 1415 2258 vorigen
1431 2202 1569 2263 Jahrs
1582 2207 1825 2254 ergangener
1849 2197 2031 2250 Urtheil/
2060 2200 2140 2243 und
2156 2206 2222 2247 der
2239 2206 2317 2245 von
2330 2199 2438 2254 ihme

873 2270 968 2321 zum
985 2260 1277 2321 zweytenmahl
1292 2248 1496 2316 colligirter
1510 2247 1819 2301 terminorum,
1830 2254 1900 2311 ſich
1920 2257 1980 2302 im
1997 2253 2197 2308 Nahmen
2214 2250 2295 2305 jetzt
2316 2254 2442 2307 regie⸗

876 2328 1013 2375 render
1048 2324 1191 2376 Seiner
1221 2312 1476 2383 Hochfuͤrſtl.
1470 2318 1638 2372 Durchl.
1656 2315 1703 2375 zu
1721 2314 2078 2372 Schwartzenberg
2095 2314 2143 2357 ad
2161 2313 2244 2359 acta
2259 2314 2329 2367 biß
2346 2316 2441 2358 dato

875 2382 981 2434 nicht
997 2379 1216 2436 legitimiret
1234 2374 1329 2430 hat;
1360 2375 1396 2429 ſo
1416 2374 1559 2429 bittet/
1576 2369 1685 2429 ihme
1697 2366 1849 2420 wieder
1867 2368 2023 2427 dieſelbe
2038 2357 2259 2413 citationem
2278 2368 2329 2411 ad
2348 2368 2444 2412 reaſ-

874 2443 1106 2488 ſumendum
1118 2439 1278 2492 gnaͤdig
1296 2447 1344 2492 zu
1363 2442 1566 2488 erkennen.

1603 2492 1774 2546 Erkant.

1367 2557 1566 2616 Veneris
1586 2570 1656 2621 17.
1679 2550 1804 2621 Junii
1825 2567 1952 2621 1712.

1049 2631 1108 2675 Lt.
1128 2626 1437 2685 Steinhauſen:
1463 2625 1609 2684 Krafft
1623 2624 1729 2673 apud
1744 2624 1831 2668 acta
1847 2627 2041 2679 liegender
2059 2621 2301 2674 Gewaͤlter/
2314 2633 2445 2675 repro-

877 2685 1005 2728 ducirt
1020 2688 1259 2739 ausgangen
1270 2685 1381 2730 ⸗und
1397 2681 1629 2729 verkuͤndete
1642 2668 1855 2739 angeregte
1880 2677 2104 2719 citationem
2130 2674 2328 2727 copialiter
2351 2687 2444 2715 cum

865 2744 1018 2790 Nuncii
1036 2736 1239 2789 relatione,
1254 2742 1348 2788 weil
1368 2742 1561 2783 terminus
1583 2733 1734 2791 geſtern
1751 2735 1947 2791 geweſen/
1966 2733 2002 2786 ſo
2025 2734 2114 2782 will
2129 2732 2339 2784 erſcheinen
2357 2739 2445 2777 ver⸗

877 2800 1066 2853 nehmen/
1087 2809 1191 2840 nem.
1213 2801 1330 2862 comp.
1343 2797 1461 2846 bittet
1493 2788 1658 2857 Ruffen/
1684 2792 1747 2850 und
1763 2790 1831 2851 wie
1854 2792 1999 2857 ſonſten
2013 2788 2177 2844 vorhero
2197 2787 2338 2843 oͤffters
2352 2789 2444 2834 ſalu-

877 2865 1006 2905 tariter
1018 2857 1217 2908 gebetten.

1239 2908 1363 2949 Anno
1384 2911 1502 2954 1713.
1516 2897 1642 2953 1714.
1647 2908 1678 2955 &
1694 2911 1811 2952 1715.
1822 2899 1922 2943 nihil
1937 2908 2081 2939 actum.

1350 2963 1609 3015 Completum
1628 2974 1693 3014 27.
1703 2963 1837 3006 Martii
1860 2961 1976 3010 1716.

940 3030 1042 3084 Daß
1057 3021 1303 3083 vorftehende
1323 3022 1534 3081 Abſchrifft
1551 3023 1629 3073 mit
1647 3023 1790 3073 ſeinem
1807 3022 1851 3065 in
1869 3016 2050 3072 anfangs
2065 3016 2285 3065 rubricirter
2304 3016 2447 3070 Sache

1053 3083 1294 3131 ventilirtem
1304 3077 1530 3125 Protocollo
1541 3074 1719 3132 Judiciali
1731 3072 1842 3130 gantz
1853 3060 2136 3128 gleichlautend
2156 3070 2247 3124 ſeye/
2254 3073 2462 3131 bezeugen

1052 3149 1132 3190 wir
1143 3138 1507 3201 Unterſchriebene/
1530 3142 1664 3189 neben
1673 3124 1984 3194 beygedruckten
2002 3132 2146 3188 unſern
2165 3128 2447 3192 Pitſchafften.

1053 3205 1204 3251 Actum
1221 3205 1396 3266 Wetzlar
1413 3207 1487 3251 den
1507 3214 1541 3252 6.
1550 3201 1663 3257 Junii
1677 3200 1803 3252 1716.

918 3260 1163 3341 Johannes
1179 3260 1443 3326 Conradus
1458 3248 1692 3332 Stumpff,

1005 3332 1112 3397 Imp.
1131 3333 1233 3394 Cam.
1252 3337 1337 3388 Jud.
1346 3336 1498 3381 Lector.
1522 3343 1658 3387 mppr.

1281 3397 1341 3443 (L.
1347 3396 1412 3442 S.)

1814 3254 1976 3312 Petrus
1991 3260 2195 3311 Ranck,
2220 3249 2450 3323 Imperia-

1906 3332 1949 3376 lis
1958 3329 2073 3374 Cam.
2079 3326 2173 3380 Jud.
2181 3328 2332 3377 Lector.
2339 3338 2452 3381 mpp.

2082 3383 2136 3450 (L.
2148 3387 2201 3448 S.)
