1470 2195
977 293 1029 343 55

143 385 297 437 τήϱησας.
369 382 432 434 Καì
458 380 577 422 δέουαί
597 392 669 421 σϫ.
700 380 764 430 ἵνα
778 381 853 419 ταῖς
880 375 945 424 ἐμῦ
975 374 1018 414 ἱ-

143 448 300 504 μαϱτίαις
332 453 406 494 ταῖς
461 444 584 489 ἀδίϰως
631 444 703 489 ἐμοὶ
743 443 1022 494 ἐξημαϱτημέναις

145 516 351 567 συγγνώμην
388 516 585 567 παϱέχης,
601 512 656 573 ϰαὶ
679 510 715 548 τὸ
741 515 917 550 ἐπίλοιπον
936 509 1025 564 ταύ-

148 603 201 631 της
224 588 277 631 τῆς
305 583 450 635 ήμέϱας,
460 582 516 640 ϰαὶ
536 584 568 630 ἐν
595 582 638 633 τῆ
662 576 780 632 ἰϻῦσῃ
805 576 892 618 νυϰτὶ
910 572 1023 626 τῆχά-

148 650 207 703 ξιτί
232 667 277 690 σϫ
290 643 519 702 συνανασῴζειν
544 644 606 695 ἐμὲ
631 643 795 698 ἀξιώσῃς.
847 642 927 691 Ἐγὼ
951 640 1024 690 γὰϱ

148 712 232 768 ἐμὲ,
267 712 370 764 ϰαὶ
330 711 373 768 τὸ
395 711 499 759 σώμά
515 726 583 762 μυ,
623 712 677 757 ϰαὶ
705 709 755 753 τὴν
782 709 950 759 ψυχὴν,
972 709 1027 751 ϰαὶ

151 785 267 828 πάντα
305 783 350 825 τὰ
370 784 435 831 ἐμῦ
458 783 501 825 εἰς
529 783 644 831 χεῖϱας
674 780 720 817 σῦ
748 774 936 827 ὲγχειϱίζω.
1002 769 1031 813 Ό

152 852 254 902 ἄγιός
274 865 321 891 συ
336 848 494 899 ἄγγελος
511 846 574 886 σὺν
588 845 661 892 ἐμοὶ
695 847 786 893 ἕσω,
808 841 900 886 ὅπως
916 842 940 879 ὁ
960 849 1032 883 Σα-

153 914 260 957 τανᾶς
291 910 454 960 μηδεμίαν
468 909 513 952 ἐις
525 906 586 955 ἐμὲ
610 902 745 957 δύναμιν
760 905 910 955 ἑυϱίσϰη.
926 902 1033 948 Ἀμήν.

959 983 1033 1021 Πά-

250 1083 305 1123 die
315 1080 441 1123 andere
461 1072 481 1118 ἡ
503 1068 610 1127 μιϰϱὰ
629 1077 811 1123 genennet.
859 1072 940 1117 Die
963 1073 1035 1111 for-

249 1137 361 1177 mulas
375 1142 446 1177 von
459 1135 548 1179 allen
576 1133 684 1183 findet
705 1139 790 1174 man
820 1131 857 1173 in
884 1132 935 1169 M.
952 1129 1038 1168 Oel-

249 1184 435 1236 ſchlegelii,
445 1182 543 1228 eines
557 1179 794 1231 ehemahligen
812 1179 1042 1226 Præceptoris,

253 1245 340 1281 oder
357 1238 440 1286 nach
450 1237 582 1287 ietzigen
595 1234 707 1286 Stylo,
719 1232 913 1276 Profeſſoris
922 1236 959 1272 in
977 1233 1040 1271 der

252 1288 582 1342 Fuͤrſten⸗Schule
609 1295 649 1336 zu
670 1284 822 1333 Meiſſen
845 1281 1042 1326 Catecheſi,

254 1354 289 1389 p.
303 1343 380 1390 272.
395 1339 463 1387 ſqq.
482 1341 571 1384 Wie
587 1342 622 1381 in
646 1342 706 1382 der
731 1332 937 1385 Roͤmiſchen
949 1332 1043 1377 Kir⸗

256 1391 311 1432 che
334 1391 388 1430 die
416 1384 627 1436 Anruffung
651 1387 710 1425 der
731 1380 893 1431 Heiligen
923 1381 960 1418 in
983 1379 1042 1420 die

255 1436 400 1483 Litaney
424 1436 489 1480 mit
523 1428 759 1482 eingeſchoben
800 1428 948 1471 worden
947 1421 1044 1481 ſey/

259 1488 331 1527 will
344 1486 393 1530 ich
407 1486 498 1538 nicht
514 1482 677 1531 erzehlen.
726 1480 847 1526 GOtt
856 1476 936 1522 lob!
959 1475 1046 1520 aber

257 1535 327 1572 wir
340 1530 414 1576 ſind
436 1534 491 1573 die
510 1525 758 1578 warhafftigen
782 1525 953 1569 Anbeter/
968 1525 1045 1564 und

258 1579 373 1624 haben
388 1580 461 1622 eine
478 1580 571 1620 reine
583 1574 739 1625 Litaney.
786 1575 849 1623 Jn
859 1572 944 1621 dieſe
944 1572 997 1624 iſt
1011 1577 1046 1618 zu

260 1633 326 1667 des
342 1622 504 1677 hochſeel.
504 1622 633 1679 Churfl.
641 1621 767 1677 Johañ
778 1624 971 1669 Georgens
981 1623 1045 1658 des

259 1678 299 1713 II.
310 1670 432 1721 Zeiten
449 1676 510 1715 der
531 1673 639 1718 Verß
648 1671 861 1716 eingeruͤcket
876 1673 1046 1706 worden:

257 1725 341 1765 Und
353 1727 428 1765 uns
438 1718 498 1770 fuͤr
507 1725 572 1765 des
578 1720 737 1768 Tuͤrcken
746 1724 821 1758 und
832 1721 897 1758 des
907 1716 1046 1765 Papſts

258 1778 326 1810 &c.
332 1772 399 1814 vid.
408 1769 533 1821 Herrn
545 1774 597 1808 M.
616 1769 795 1825 Hilſchers
797 1768 926 1821 Etwas
933 1773 973 1811 zu
983 1766 1045 1803 der

257 1814 576 1875 Kirchen⸗Hiſtorie
586 1822 623 1862 in
635 1817 898 1867 Alt⸗Dreßden.
906 1826 941 1863 p.
949 1812 1019 1857 167.
