1504 2326
338 313 403 350 184

639 316 706 348 Pars
728 316 769 348 IV
793 314 830 348 de
860 312 977 355 ſyntaxi

333 379 415 415 rimi,
429 380 562 415 maximi,
578 373 680 419 nihili;
710 375 880 427 imgleichen
889 379 983 414 nauci,
1005 375 1089 419 flocci,
1102 380 1164 425 pili,
1175 384 1282 414 terun-

332 427 385 462 cii,
396 423 476 469 asſis,
491 420 604 465 huius;
625 429 686 463 und
703 430 776 462 wird
793 424 930 475 darunter
947 427 1109 475 verſtanden
1127 438 1173 466 res
1185 430 1282 471 pretii,

322 471 403 506 oder
421 480 473 514 pro
490 471 554 502 æris
563 476 662 514 pretio.
709 474 785 509 Als:

328 508 452 547 Quanti
474 503 541 540 (hoc
561 508 613 544 eſt,
628 516 682 542 pro
702 513 808 544 quanti
829 509 895 532 æris
911 508 1019 542 pretio)
1048 504 1119 560 licet
1137 515 1185 565 hic
1204 515 1279 560 fun-

383 559 456 590 dus?

332 599 450 643 Quanti
464 599 520 631 hoc
535 600 664 633 indicas?
686 603 740 636 wie
754 602 824 645 hoch
838 596 924 645 haͤltſt
939 603 978 636 du
994 602 1105 645 dieſes?

333 648 452 685 Quanti
466 649 503 679 eſt
516 650 595 690 apud
607 647 738 679 patrem?
761 648 876 694 magni,
888 648 978 689 parui
986 657 1042 681 cet.

336 692 422 721 Tanti
437 688 509 723 emi,
532 682 638 734 quanti
652 690 812 721 aeſtimauit
824 690 906 721 alter.

332 737 427 768 Janti
442 737 521 777 ſpem
537 747 597 766 non
613 747 690 768 emo.
735 740 829 770 Parui
842 737 917 769 fieri.

332 781 459 813 Plurimi
473 791 501 811 te
515 782 625 822 ſemper
640 782 703 814 ſeci.

332 819 432 858 Nihili
440 834 467 855 te
483 833 591 866 tuaque
603 825 690 856 facio.

329 872 424 903 Parui
437 872 551 903 ducitur
564 871 704 912 probitas.

330 915 435 949 Vendo
445 925 543 945 meum
551 914 762 956 (frumentum
776 923 826 945 non
839 911 940 957 pluris,
951 925 1041 959 quam
1050 914 1153 954 ceteri:
1161 916 1277 952 ſortasſe

379 965 467 994 etiam
487 965 614 997 minoris.
634 960 745 1009 Cic.
701 956 749 1012 off.
749 961 784 1004 3,
799 973 846 995 12.

336 1008 424 1041 Tanti
438 1008 574 1050 quodque
591 1011 700 1039 malum
715 1008 768 1045 eſt,
793 1010 900 1054 quanti
912 1011 984 1042 illud
996 1010 1172 1043 taxauimus.

331 1054 396 1094 Ego
411 1054 492 1083 illum
509 1063 569 1084 non
584 1049 665 1096 asſis,
683 1054 778 1086 immo
793 1064 828 1083 ne
841 1052 968 1086 teruncii
980 1055 1094 1096 quidem
1111 1054 1199 1089 facio.

332 1097 429 1128 Minas
440 1105 500 1125 tuas
514 1089 598 1128 huius
612 1095 786 1136 (δϵιϰϟϰως)
798 1106 860 1127 non
872 1097 959 1128 facio.

329 1143 376 1173 Te
389 1132 479 1169 huius
493 1141 602 1180 (pretii
612 1131 777 1180 hominem)
790 1150 852 1171 non
866 1141 942 1171 facio:
952 1138 1031 1176 vel,
1040 1147 1071 1170 te
1085 1142 1158 1182 (pro
1166 1142 1279 1188 pretio)

376 1174 466 1213 huius
481 1180 592 1222 (talitri
606 1186 625 1213 i.
636 1195 660 1213 e.
669 1183 710 1212 rei
717 1181 877 1224 vilisſimæ)
888 1193 949 1212 non
964 1183 1051 1213 facio.

330 1230 458 1260 Coemta
472 1226 549 1271 (vt)
561 1229 655 1268 pluris
668 1228 774 1269 (pretii
785 1228 850 1269 res)
865 1230 963 1269 poſtea
977 1231 1119 1261 distrahit.
1141 1234 1221 1263 Suet.

376 1271 491 1312 Hieher
506 1269 623 1312 gehoͤret
646 1275 689 1306 die
701 1269 854 1314 formula:
883 1274 953 1304 boni
969 1274 1106 1310 conſulo,
1132 1275 1205 1315 æqui
1225 1274 1278 1308 bo-

330 1317 422 1357 nique
438 1316 512 1348 facio
534 1307 579 1349 ſeu
596 1318 714 1349 conſulo
730 1315 770 1358 ich
786 1317 887 1360 nehme
902 1314 949 1361 fuͤr
965 1317 1036 1354 lieb:
1058 1319 1087 1350 id
1109 1319 1166 1357 eſt,
1184 1321 1217 1351 in
1237 1321 1278 1354 lo-

330 1374 359 1396 co
373 1361 425 1395 vel
431 1363 523 1406 pretio
546 1358 612 1397 boni
626 1371 654 1395 et
669 1363 746 1410 æqui
751 1359 845 1408 facio,
864 1362 924 1410 ſeu
935 1361 1067 1408 conſulo;
1094 1366 1125 1397 id
1146 1365 1200 1405 eſt,
1211 1364 1277 1412 ſta-

330 1412 381 1438 tuo
400 1411 454 1436 aut
470 1403 658 1450 interpretor,
683 1403 747 1439 esſe
757 1401 824 1440 boni
841 1406 935 1440 animi
947 1405 998 1440 vel
1006 1406 1067 1441 viri
1088 1416 1199 1441 munus
1220 1417 1278 1440 aut

327 1455 460 1504 factum.

375 1499 523 1540 Zuweilen
538 1500 691 1542 gebraucht
706 1507 775 1536 man
790 1502 835 1537 die
842 1502 994 1534 aduerbia:
1016 1502 1086 1538 als

329 1547 420 1578 Nulla
428 1555 470 1574 res
480 1544 575 1575 carius
589 1544 719 1580 conſtat,
737 1553 826 1585 quam
840 1553 905 1585 quæ
911 1543 1046 1587 precibus
1057 1552 1134 1578 emta
1142 1546 1192 1579 eſt.
1211 1547 1278 1585 Sen.

387 1588 520 1633 benef.2,
534 1601 559 1624 1.

336 1628 424 1666 Valde
437 1642 502 1663 care
517 1633 634 1664 æſtimas
648 1639 695 1663 tot
708 1642 811 1664 annos.
837 1634 894 1665 Cic.

333 1682 404 1709 Tam
419 1685 484 1708 care
497 1678 636 1720 prodigus
652 1680 732 1709 emit.
748 1682 831 1710 Hor.

329 1721 403 1748 Aues
419 1718 542 1761 pingues
557 1714 686 1750 veneunt
699 1729 774 1751 care.
804 1723 903 1753 Varro.

327 1764 460 1810 Animoſe
475 1778 509 1797 ac
521 1763 712 1801 immoderate
726 1767 817 1799 liceri.

411 1837 448 1876 2)
461 1833 579 1876 Wo?
590 1833 759 1887 woher?
778 1831 1004 1882 wodurch?
1028 1830 1170 1883 (omisſa
1191 1825 1274 1889 præ-

328 1870 508 1931 poſitione
524 1883 580 1922 in,
597 1892 631 1923 a,
646 1879 702 1915 vel
718 1877 788 1927 ex).
824 1878 917 1920 Als:
957 1885 1009 1926 Fur
1023 1870 1149 1927 Athenis.

328 1932 399 1963 Sum
410 1920 599 1975 Carthagine.
643 1930 805 1962 Alexander
814 1937 945 1966 mortuus
954 1930 992 1962 eſt
997 1925 1150 1970 Babylone.

328 1967 453 2020 Delphis
468 1977 586 2007 oracula
601 1976 717 2011 ceſſant.
740 1974 873 2008 Iuuenal.
886 1975 915 2013 6,
928 1983 1011 2016 554.

332 2028 422 2059 Terra
441 2021 569 2070 marique
585 2019 689 2073 bellum
702 2034 814 2069 gerere.
836 2025 895 2059 Cic.

1211 2089 1283 2117 Tota
