2638 3952
993 543 1105 604 Fuͤrs
1120 544 1241 594 dritte
1265 543 1351 594 aber
1379 540 1523 592 werden
1543 533 1783 592 obvermelte
1794 535 1944 600 Unſere
1952 541 2123 596 Toͤchter
2140 549 2222 594 und
2235 535 2409 595 Erben/

821 605 1060 663 fuͤrnemlich
1081 604 1177 651 aber
1192 608 1254 654 die
1278 606 1371 660 erſte
1381 601 1601 660 Beſitzerin
1625 605 1793 660 ſchuldig
1811 612 1891 653 und
1912 603 2148 661 kraͤfftiglich
2157 604 2299 656 hiemit
2311 612 2401 650 ver⸗

821 667 979 709 bunden
998 662 1109 713 ſeyn/
1136 662 1197 707 nit
1213 659 1336 709 allein
1346 665 1425 708 den
1442 659 1520 711 auf
1528 659 1674 714 ſolchen
1696 663 2001 716 angetrettenen
2011 657 2202 712 Guͤthern
2223 659 2398 711 hafften⸗

820 728 895 769 den
905 718 1255 773 Schulden⸗Laſt/
1285 734 1357 777 per
1372 715 1559 775 ſiebenzig
1570 718 1733 773 tauſend
1745 721 1911 769 Gulden
1930 718 2090 775 hieſiger
2108 712 2403 771 Lands⸗Weh⸗

819 789 930 831 rung
955 779 1034 824 auf
1059 776 1159 830 ſich/
1195 780 1278 822 und
1295 774 1380 826 ihre
1392 771 1597 828 poſteritaͤt
1613 783 1662 831 zu
1680 772 1872 827 nehmen/
1903 779 1984 822 und
2003 765 2062 822 die
2075 773 2296 818 Creditores
2318 774 2386 827 alſo

817 849 870 893 zu
887 838 1165 891 befriedigen/
1194 836 1273 890 daß
1291 837 1351 882 die
1364 831 1613 888 Lehenbahre
1631 833 1992 890 Landgraffſchafft
2004 832 2219 892 Kleggau/
2245 833 2322 883 auf
2337 831 2394 879 er⸗

820 898 998 950 folgende
1015 903 1172 948 apertur
1191 891 1307 951 Jhro
1316 892 1493 946 Kayſerl.
1501 893 1665 950 Majeſt.
1684 882 1769 940 und
1785 899 1875 941 dem
1887 894 2013 945 Reich
2027 894 2126 945 ohne
2145 890 2296 948 fernere
2305 889 2405 941 Be⸗

819 955 1063 1005 ſchwerden/
1099 955 1182 997 und
1194 948 1519 1002 Schulden⸗Laſt
1537 948 1770 1004 heimfallen
1792 948 1922 1001 ſolle/
1937 949 2099 999 ſondern
2119 951 2217 1000 auch
2231 947 2397 997 Unſerer

820 1012 1074 1060 Gemahlin/
1093 1014 1159 1055 der
1170 1009 1309 1063 Hoch  ⸗
1320 1010 1402 1054 und
1410 1006 1766 1066 Wohlgebohrnen
1777 1005 1942 1063 Frauen
1956 1004 2134 1063 Eugeniæ
2142 1008 2273 1051 Mariæ
2281 1003 2400 1049 Fran-

818 1071 940 1114 ciſcæ,
966 1071 1185 1121 gebohrner
1203 1062 1357 1120 Graͤfin
1374 1072 1422 1121 zu
1443 1058 1744 1120 Manderſcheid
1764 1069 1848 1112 und
1868 1064 1977 1120 Kayl
1995 1075 2044 1111 ꝛc.
2085 1074 2215 1111 wann
2240 1064 2399 1121 dieſelbe

816 1131 917 1175 Uns
945 1128 1155 1173 uͤberleben
1184 1128 1266 1171 und
1297 1128 1340 1173 in
1368 1125 1642 1178 Wittibſtand
1673 1123 1864 1180 gerathen
1894 1123 2014 1175 ſolte/
2052 1123 2324 1179 Jaͤhrlichen/
2361 1122 2385 1175 ſo

818 1190 918 1235 lang
936 1187 1026 1228 Sie
1048 1186 1093 1226 in
1111 1180 1272 1233 ſolchem
1289 1180 1441 1231 Stand
1459 1182 1694 1234 verharret/
1716 1185 1797 1227 und
1819 1179 2000 1236 Unſeren
2018 1180 2221 1234 Nahmen
2240 1180 2408 1234 fuͤhret/

816 1251 861 1299 zu
874 1244 1150 1299 verordnetem
1159 1240 1335 1297 Deputat
1350 1234 1495 1304 zwoͤlff
1494 1234 1660 1293 hundert
1670 1241 1835 1292 Gulden
1839 1234 2172 1297 Landlaͤufficher
2172 1233 2393 1292 Wehrung/

817 1302 946 1350 neben
956 1305 1097 1348 deme/
1116 1306 1211 1348 was
1220 1301 1333 1360 Jhro
1352 1305 1502 1344 ratione
1511 1306 1581 1350 des
1590 1301 1881 1357 Wittiblichen
1890 1303 2031 1357 Sitzes
2044 1294 2140 1349 oder
2152 1294 2408 1355 Wohnung/

814 1361 971 1422 Jnhalt
987 1361 1426 1420 Wittumbs⸗Brieffs
1443 1361 1721 1418 verſprochen/
1750 1364 1832 1410 aus
1848 1365 1973 1408 denen
1992 1359 2180 1416 Jaͤhrlich
2198 1360 2401 1413 fallenden

811 1399 1059 1476 Nutzungen
1079 1411 1371 1471 mehrbeſagter
1386 1412 1630 1470 Sultziſchen
1651 1411 1817 1468 Guͤther
1837 1411 2140 1469 ohnweigerlich
2157 1417 2239 1460 und
2257 1412 2401 1466 richtig

810 1471 1074 1542 abzuſtatten.

988 1533 1102 1582 Uber
1132 1534 1210 1578 das
1232 1531 1326 1588 fuͤrs
1346 1533 1498 1578 vierte/
1529 1530 1729 1589 gleichwie
1752 1534 1877 1579 denen
1906 1530 2088 1584 Rechten
2110 1528 2280 1588 gemaͤß/
2317 1532 2397 1569 und

810 1594 941 1647 nichts
965 1593 1147 1652 billigers
1164 1594 1236 1647 iſt/
1266 1595 1332 1641 als
1350 1595 1428 1647 daß
1444 1583 1593 1649 Unſere
1611 1593 1830 1650 jetzlebende
1841 1592 2011 1647 Toͤchter
2027 1594 2106 1641 mit
2129 1588 2401 1650 gebuͤhrender

811 1653 982 1698 legitimâ
998 1655 1090 1690 oder
1103 1656 1355 1697 competente
1374 1646 1470 1687 dote
1485 1646 1578 1686 loco
1589 1644 1775 1700 legitimæ
1793 1645 1972 1698 verſehen
1988 1648 2178 1693 werden/
2206 1645 2284 1700 alſo
2298 1643 2402 1692 wol⸗

812 1710 877 1754 len
887 1710 990 1757 Wir
1005 1708 1146 1756 hiemit
1165 1708 1319 1753 ſtatuirt
1339 1704 1503 1760 haben/
1527 1709 1605 1759 daß
1622 1710 1751 1761 Unſer
1770 1711 1939 1760 Tochter
1954 1708 2083 1749 Maria
2091 1710 2233 1755 Anna,
2263 1706 2398 1763 Graͤf⸗

816 1765 873 1821 fin
888 1774 939 1820 zu
952 1763 1347 1823 Schwartzenberg/
1365 1763 1432 1809 als
1451 1754 1730 1819 primogenita,
1764 1769 1854 1810 oder
1865 1763 1975 1822 Jhre
1987 1765 2149 1818 Erben/
2176 1771 2305 1810 wann
2320 1767 2407 1810 die⸗

813 1824 911 1879 ſelbe
928 1823 1070 1882 Krafft
1091 1823 1211 1876 dieſes
1229 1826 1269 1865 in
1286 1812 1488 1880 poſſeſſion
1507 1821 1708 1871 kommet/
1739 1821 1893 1871 Unſern
1913 1820 2239 1881 nachgebohrnen
2256 1828 2399 1877 dreyen

814 1887 898 1932 und
916 1887 1070 1932 andern
1091 1882 1313 1937 Toͤchtern/
1345 1884 1424 1931 mit
1444 1883 1616 1940 welchen
1635 1887 1716 1931 uns
1736 1885 1916 1937 GOTT
1926 1890 2043 1930 etwa
2069 1882 2220 1934 annoch
2240 1882 2401 1940 ſeegnen

810 1942 976 1998 moͤgte/
981 1954 1055 1995 pro
1074 1940 1247 1997 legitimâ
1261 1939 1339 1985 ſive
1353 1942 1448 1985 dote
1465 1942 1606 1998 achtzig
1624 1940 1790 1995 tauſend
1810 1943 1979 1991 Gulden
1996 1940 2082 1995 (als
2100 1942 2265 1994 welches
2278 1948 2407 1996 quan-

810 2013 900 2044 tum
921 2003 1018 2054 nach
1049 1999 1290 2055 beſchehener
1312 2001 1615 2059 Unterſuchung
1633 1998 1733 2048 aller
1758 2000 2108 2061 eigenthuͤmlicher
2129 2001 2295 2054 Guͤther
2315 2005 2399 2050 und

811 2061 939 2103 effecti
957 2062 1266 2113 proportioniret
1287 2058 1487 2111 befunden
1504 2060 1686 2105 worden)
1708 2066 1833 2113 gegen
1851 2056 2119 2114 gebuͤhrender
2137 2057 2397 2114 genugſamer

813 2118 1029 2172 Verzicht/
1068 2117 1132 2167 bey
1155 2115 1272 2171 Jhrer
1289 2118 1370 2162 mit
1396 2116 1590 2165 Unſerem
1614 2121 1696 2163 und
1713 2105 1893 2169 Unſeren
1912 2118 2225 2165 Anverwanden
2237 2109 2400 2170 Wiſſen

808 2180 897 2224 und
913 2174 1097 2228 Willen/
1127 2176 1448 2228 ſtandsmaͤßiger
1461 2176 1839 2227 Verheurathung/
1868 2181 1959 2220 oder
1979 2185 2108 2220 wann
2127 2177 2211 2219 eine
2229 2182 2321 2219 oder
2337 2169 2391 2222 die

811 2230 962 2275 andere
980 2228 1021 2267 in
1038 2227 1218 2270 cœlibatu
1229 2228 1496 2273 verbleiben/
1506 2231 1599 2274 oder
1607 2232 1683 2272 den
1694 2228 1936 2278 Geiſtlichen
1950 2229 2102 2275 Stand
2111 2225 2308 2278 erwehlen
2327 2228 2395 2282 ſol⸗

809 2288 873 2342 te/
904 2288 1024 2335 unter
1044 2269 1273 2340 habhaffter
1283 2284 1593 2340 Verpfaͤndung
1609 2283 1707 2332 aller
1726 2283 1892 2334 hieoben
1912 2282 2163 2341 ſpecificirten
2183 2283 2422 2340 Guͤthern/

807 2349 912 2393 auch
928 2338 1255 2397 apprehendirter
1273 2340 1476 2396 poſſeſſion
1486 2342 1531 2389 in
1541 2329 1704 2398 zweyen
1714 2335 1892 2398 Jahren/
1904 2338 2127 2391 benantlich
2144 2338 2239 2389 aber
2255 2343 2302 2390 in
2302 2343 2400 2390 dem

810 2410 938 2458 erſten
960 2411 1034 2453 den
1062 2403 1207 2460 halben
1226 2402 1370 2461 Theil/
1403 2408 1487 2453 und
1504 2406 1550 2453 in
1575 2409 1650 2451 den
1673 2402 1884 2458 folgenden
1899 2405 2121 2453 wiederum
2139 2407 2200 2452 die
2219 2401 2401 2462 Helffte/

807 2468 877 2508 als
885 2463 1106 2518 jedesmahl
1124 2460 1280 2517 viertzig
1295 2460 1459 2516 tauſend
1468 2461 1636 2512 Gulden
1657 2457 1817 2518 hieſiger
1830 2462 2084 2517 Wehrung/
2102 2459 2203 2514 ohne
2217 2458 2397 2516 Abgang

808 2524 916 2562 baar
936 2532 984 2574 zu
994 2520 1171 2571 erlegen/
1186 2522 1279 2562 oder
1296 2518 1508 2567 nachdeme
1520 2515 1591 2571 ſich
1609 2516 1670 2562 die
1680 2505 1907 2566 Intereſſirte
1920 2509 2037 2568 Theil
2055 2520 2214 2565 werden
2230 2514 2391 2571 verglei⸗

810 2582 927 2633 chen/
956 2584 1018 2630 die
1036 2581 1227 2639 Capitalia
1247 2584 1327 2630 mit
1344 2582 1462 2637 fuͤnff
1474 2586 1548 2627 pro
1566 2575 1685 2608 cento
1707 2588 1756 2634 zu
1774 2581 2077 2629 verintereſſiren
2096 2583 2262 2637 ſchuldig
2281 2580 2401 2635 ſeyn/

810 2638 942 2694 jedoch
961 2640 1039 2685 mit
1061 2643 1127 2685 der
1140 2639 1331 2685 weiteren
1350 2636 1656 2692 Erlaͤuterung/
1686 2635 1764 2689 daß
1781 2646 1910 2686 wann
1923 2638 2025 2687 Wir
2045 2638 2246 2689 mehrere/
2247 2637 2313 2684 als
2335 2638 2398 2684 die

808 2696 894 2754 jetzt
907 2694 1061 2745 lebende
1072 2696 1244 2751 Toͤchter
1264 2695 1362 2749 nach
1384 2695 1481 2745 Uns
1497 2693 1688 2751 verlaſſen
1708 2694 1913 2747 wuͤrden/
1932 2699 1992 2743 die
2010 2696 2126 2738 titulo
2148 2699 2396 2740 inſtitutionis

809 2752 1013 2812 zugelegte
1029 2753 1199 2808 legitima
1215 2758 1282 2802 der
1308 2754 1450 2808 achtzig
1464 2754 1628 2804 tauſend
1646 2751 1810 2803 Gulden
1829 2759 1949 2802 unter
1957 2750 2102 2813 Jhnen
2119 2756 2233 2805 æquis
2247 2757 2380 2806 portio-

811 2818 925 2860 nibus
941 2815 1024 2862 und
1046 2820 1095 2868 zu
1112 2814 1283 2869 gleichen
1293 2815 1460 2869 Theilen
1477 2816 1660 2869 repartirt
1674 2819 1831 2864 werden
1853 2812 1983 2871 ſollen.

986 2884 1138 2938 Dabey
1164 2887 1211 2937 iſt
1239 2888 1337 2938 auch
1366 2883 1567 2940 fuͤnfftens
1598 2892 1648 2941 zu
1665 2878 1883 2945 mercken/
1893 2887 1973 2942 daß
1997 2893 2125 2932 wann
2143 2882 2397 2938 vorbeſtimte

805 2947 972 2992 Summa
993 2947 1038 2993 in
1058 2944 1233 2997 mehrere
1243 2946 1365 3003 Theil
1384 2945 1538 3003 gehen/
1561 2945 1626 2993 und
1648 2947 1734 2993 eine
1754 2944 1897 2997 hievon
1917 2950 2214 3004 participirende
2223 2945 2392 3000 Tochter

811 3008 910 3054 ohne
938 3003 1237 3060 Leibs ⸗ Erben
1255 2994 1500 3063 abſterben/
1510 3003 1608 3053 uͤber
1629 3001 1738 3061 Jhre
1756 3005 2021 3064 empfangene
2040 3007 2201 3057 portion
2218 3005 2313 3053 aber
2331 3007 2395 3053 nit

812 3065 1003 3122 diſponirt
1018 3065 1147 3120 haben
1167 3063 1338 3118 wuͤrde/
1367 3064 1618 3123 allermaſſen
1635 3067 1724 3113 Sie
1748 3065 1804 3116 all
1824 3060 1990 3125 daſſelbe
2015 3065 2193 3120 jederzeit
2211 3067 2326 3110 liberè
2344 3073 2395 3125 zu

811 3124 911 3175 thun
931 3125 1199 3183 bemaͤchtiget
1227 3122 1369 3179 ſeynd/
1393 3126 1440 3176 in
1464 3127 1609 3180 dieſem
1632 3122 1726 3181 Fall
1752 3129 1818 3175 der
1846 3124 2092 3185 Abgelebten
2121 3124 2396 3183 hinterlaſſene

809 3188 969 3233 portion
997 3190 1119 3232 denen
1139 3181 1426 3235 uͤberlebenden
1448 3182 1618 3239 dreyen/
1645 3183 1736 3229 oder
1756 3182 1961 3241 mehreren
1980 3182 2265 3242 Schweſtern/
2302 3188 2394 3232 oder

811 3250 930 3293 deren
947 3247 1229 3298 Leibs⸗Erben
1242 3241 1471 3295 accreſciren
1489 3242 1592 3300 ſolle.

982 3295 1094 3349 Zum
1112 3298 1206 3351 Fall
1220 3300 1318 3347 aber
1337 3296 1521 3350 ſechſtens
1534 3296 1684 3353 Unſere
1694 3294 1865 3353 Tochter
1873 3298 2001 3345 Maria
2009 3296 2149 3347 Anna,
2165 3300 2263 3352 nach
2273 3295 2392 3344 uͤber⸗

812 3356 1042 3411 kommener
1055 3357 1276 3411 poſſeſſion,
1305 3357 1409 3416 ohne
1423 3351 1727 3410 Leibs ⸗ Erben
1745 3356 1925 3412 Mann⸗
1928 3358 2021 3406 oder
2038 3358 2291 3413 Weiblichen
2304 3356 2394 3404 Ge⸗

2214 3418 2393 3469 ſchlechts
