<PcGts xmlns="http://schema.primaresearch.org/PAGE/gts/pagecontent/2019-07-15" xmlns:xsi="http://www.w3.org/2001/XMLSchema-instance" pcGtsId="PAGE_01" xsi:schemaLocation="http://schema.primaresearch.org/PAGE/gts/pagecontent/2019-07-15 http://schema.primaresearch.org/PAGE/gts/pagecontent/2019-07-15/pagecontent.xsd">
  <Metadata>
    <Creator>OCR-D DFG Phase III</Creator>
    <Created>2024-01-19T13:07:12Z</Created>
    <LastChange>2024-01-19T13:07:12Z</LastChange>
    <Comments>ODEM: OCR-D extension for mass digitization (2021-2024)</Comments>
  </Metadata>
  <Page imageFilename="MAX/urn+nbn+de+gbv+3+1-130291_urn+nbn+de+gbv+3+1-130291-p0063-4_ger+lat.png" imageWidth="2883" imageHeight="4441" type="content" secondaryLanguage="Latin" primaryLanguage="German">
    <Border>
      <Coords points="230,520 1920,520 1920,3814 230,3814"/>
    </Border>
    <ReadingOrder>
      <OrderedGroup id="ro_1646317143986" caption="Regions reading order">
        <RegionRefIndexed index="0" regionRef="TextRegion_1645603589363_51"/>
        <RegionRefIndexed index="1" regionRef="TextRegion_1645603593582_58"/>
        <RegionRefIndexed index="2" regionRef="TextRegion_1645603597926_63"/>
        <RegionRefIndexed index="3" regionRef="TextRegion_1645603619895_72"/>
        <RegionRefIndexed index="4" regionRef="TextRegion_1645603619895_71"/>
        <RegionRefIndexed index="5" regionRef="region0006"/>
        <RegionRefIndexed index="6" regionRef="TextRegion_1645603667833_91"/>
        <RegionRefIndexed index="7" regionRef="TextRegion_1645603667833_90"/>
        <RegionRefIndexed index="8" regionRef="region0007"/>
        <RegionRefIndexed index="9" regionRef="TextRegion_1645603692459_100"/>
        <RegionRefIndexed index="10" regionRef="TextRegion_1645603707119_105"/>
        <RegionRefIndexed index="11" regionRef="TextRegion_1645603707119_104"/>
        <RegionRefIndexed index="12" regionRef="region0009"/>
      </OrderedGroup>
    </ReadingOrder>
    <TextRegion orientation="-1.5630783" readingDirection="left-to-right" id="TextRegion_1645603589363_51" custom="readingOrder {index:0;}">
      <Coords points="265,719 1078,743 1907,764 1920,844 1920,916 258,916 262,798"/>
      <TextLine id="region0001_line0003" custom="readingOrder {index:0;}">
        <Coords points="1658,749 1626,751 1583,764 1532,758 1515,751 1503,752 1496,756 1455,755 1408,759 1382,759 1376,752 1363,752 1356,756 1254,744 1249,747 1199,747 1155,751 1105,749 1090,742 1077,741 1066,748 1007,749 995,748 990,744 978,745 972,740 954,743 947,737 935,736 925,746 897,746 850,740 842,731 831,731 822,735 803,735 799,738 779,734 774,737 694,741 668,740 661,732 648,732 632,741 561,742 531,736 522,731 324,724 319,729 318,779 323,784 338,784 338,799 343,804 495,808 720,807 781,812 816,812 821,820 834,822 843,813 850,812 921,813 932,822 943,822 950,815 973,815 980,817 986,823 997,823 1003,817 1064,820 1073,828 1087,830 1103,825 1107,828 1117,828 1129,820 1185,818 1190,822 1203,823 1208,819 1222,819 1371,825 1424,832 1431,841 1441,841 1449,833 1498,835 1505,840 1517,840 1536,834 1592,832 1664,839 1670,848 1689,847 1717,841 1830,843 1832,853 1853,854 1861,844 1909,844 1912,769 1859,766 1857,759 1851,755 1838,756 1829,765 1824,760 1804,764 1735,755 1728,751"/>
        <Word id="region0001_line0003_word0000" custom="readingOrder {index:0;}">
          <Coords points="547,807 549,747 440,744 438,806 508,807"/>
          <TextEquiv conf="0.96827435">
            <Unicode>Die</Unicode>
          </TextEquiv>
        </Word>
        <Word id="region0001_line0003_word0001" custom="readingOrder {index:1;}">
          <Coords points="744,809 745,809 747,750 585,746 583,805 673,807 720,807"/>
          <TextEquiv conf="0.9517836">
            <Unicode>andere</Unicode>
          </TextEquiv>
        </Word>
        <Word id="word_1643033945077_578" custom="readingOrder {index:2;}">
          <Coords points="773,746 908,750 1045,756 1043,818 997,823 986,823 832,821 821,820 771,811"/>
          <TextEquiv>
            <Unicode>Uhr ⸗ aͤlter</Unicode>
          </TextEquiv>
        </Word>
        <Word id="region0001_line0003_word0004" custom="readingOrder {index:3;}">
          <Coords points="1201,822 1202,762 1067,758 1065,821 1073,828 1083,829 1088,829 1103,825 1107,828 1117,828 1129,820 1185,818 1190,822"/>
          <TextEquiv conf="0.96553385">
            <Unicode>Frau</Unicode>
          </TextEquiv>
        </Word>
        <Word id="region0001_line0003_word0005" custom="readingOrder {index:4;}">
          <Coords points="1449,833 1451,769 1224,762 1222,819 1371,825 1424,832 1431,841 1441,841 1449,833"/>
          <TextEquiv conf="0.9602737">
            <Unicode>Mutter,</Unicode>
          </TextEquiv>
        </Word>
        <Word id="region0001_line0003_word0006" custom="readingOrder {index:5;}">
          <Coords points="1618,834 1620,771 1494,768 1492,834 1498,835 1505,840 1517,840 1536,834 1592,832"/>
          <TextEquiv conf="0.96908605">
            <Unicode>Frau</Unicode>
          </TextEquiv>
        </Word>
        <Word id="region0001_line0003_word0007" custom="readingOrder {index:6;}">
          <Coords points="1906,844 1908,771 1648,764 1645,837 1664,839 1670,848 1689,847 1717,841 1830,843 1832,853 1853,854 1861,844"/>
          <TextEquiv conf="0.95281976">
            <Unicode>Bartha</Unicode>
          </TextEquiv>
        </Word>
        <TextEquiv>
          <Unicode>Die andere Uhr ⸗ aͤlter Frau Mutter, Frau Bartha</Unicode>
        </TextEquiv>
      </TextLine>
      <TextLine id="region0002_line0001" custom="readingOrder {index:1;}">
        <Coords points="647,810 641,811 634,820 618,821 566,820 558,813 549,813 541,820 524,819 471,813 461,807 439,808 435,811 426,811 416,805 403,805 387,810 302,817 289,817 281,811 273,810 262,816 260,880 328,884 382,896 402,896 405,907 421,908 459,897 478,897 698,898 789,904 825,903 831,911 840,911 849,904 946,901 1019,903 1024,906 1041,903 1046,908 1054,908 1059,904 1138,906 1146,913 1157,915 1169,906 1245,908 1249,917 1262,918 1271,909 1410,910 1429,912 1430,920 1436,924 1459,926 1465,921 1468,913 1504,913 1579,919 1590,930 1608,931 1620,922 1707,925 1715,922 1735,922 1741,917 1742,864 1737,859 1581,853 1529,848 1523,838 1509,838 1497,844 1489,844 1477,842 1470,836 1416,841 1382,840 1351,834 1286,837 1274,830 1261,829 1248,839 1197,839 1175,837 1163,827 1152,826 1139,836 1126,837 1037,839 1029,831 1019,831 1005,838 976,832 966,837 902,839 869,831 819,825 753,824 749,812 723,812 714,822 702,822 700,811"/>
        <Word id="region0002_line0001_word0000" custom="readingOrder {index:0;}">
          <Coords points="333,885 361,886 362,831 266,828 265,880 328,884"/>
          <TextEquiv conf="0.92830795">
            <Unicode>von</Unicode>
          </TextEquiv>
        </Word>
        <Word id="region0002_line0001_word0001" custom="readingOrder {index:1;}">
          <Coords points="855,904 857,830 384,817 381,896 382,896 402,896 405,907 421,908 459,897 478,897 698,898 789,904 825,903 831,911 840,911 849,904"/>
          <TextEquiv>
            <Unicode>Bartensleben,</Unicode>
          </TextEquiv>
        </Word>
        <Word id="region0002_line0001_word0002" custom="readingOrder {index:2;}">
          <Coords points="995,902 996,849 899,846 898,901 922,901 946,901"/>
          <TextEquiv conf="0.9575331">
            <Unicode>aus</Unicode>
          </TextEquiv>
        </Word>
        <Word id="region0002_line0001_word0003" custom="readingOrder {index:3;}">
          <Coords points="1114,905 1115,850 1014,848 1013,902 1019,903 1024,906 1041,903 1045,907 1054,907 1059,904"/>
          <TextEquiv conf="0.9681646">
            <Unicode>dem</Unicode>
          </TextEquiv>
        </Word>
        <Word id="word_1645603589442_54" custom="readingOrder {index:4;}">
          <Coords points="1132,845 1292,849 1290,909 1271,909 1264,916 1248,916 1245,908 1169,906 1157,915 1146,913 1138,906 1130,905"/>
          <TextEquiv conf="0.930179">
            <Unicode>Hauſe</Unicode>
          </TextEquiv>
        </Word>
        <Word id="region0002_line0001_word0005" custom="readingOrder {index:6;}">
          <Coords points="1634,922 1636,861 1310,852 1308,909 1410,910 1429,912 1430,920 1436,924 1459,926 1465,921 1468,913 1504,913 1579,919 1590,930 1608,931 1620,922"/>
          <TextEquiv conf="0.9150267">
            <Unicode>Wolffsburg.</Unicode>
          </TextEquiv>
        </Word>
        <TextEquiv>
          <Unicode>von Bartensleben, aus dem Hauſe Wolffsburg.</Unicode>
        </TextEquiv>
      </TextLine>
      <TextEquiv>
        <Unicode>Die andere Uhr ⸗ aͤlter Frau Mutter, Frau Bartha&#13;
von Bartensleben, aus dem Hauſe Wolffsburg.</Unicode>
      </TextEquiv>
    </TextRegion>
    <TextRegion orientation="-1.5630783" readingDirection="left-to-right" id="TextRegion_1645603593582_58" custom="readingOrder {index:1;}">
      <Coords points="258,916 1920,916 1920,1027 1915,1188 250,1188"/>
      <TextLine id="region0002_line0002" custom="readingOrder {index:0;}">
        <Coords points="1530,926 1513,931 1491,933 1476,943 1467,945 1415,942 1400,933 1389,933 1375,940 1341,939 1286,943 1271,942 1263,936 1246,938 1175,928 1069,936 1040,935 1031,929 1019,928 1004,934 927,933 920,928 908,928 904,925 883,926 878,922 863,922 855,931 841,931 801,927 793,919 766,923 755,921 750,924 737,921 724,924 686,923 682,920 671,919 666,922 661,918 646,920 640,915 630,915 622,923 594,922 587,916 578,916 558,923 486,918 474,914 458,913 446,917 351,917 341,922 339,974 344,979 367,980 409,987 460,989 466,992 484,989 599,989 727,993 733,998 744,998 750,994 766,996 770,1005 783,1007 790,1006 799,994 816,997 822,993 899,999 906,1002 1000,1003 1010,1014 1027,1013 1035,1004 1106,1003 1252,1008 1311,1013 1314,1022 1319,1026 1330,1025 1340,1014 1374,1015 1381,1020 1395,1020 1403,1013 1441,1012 1508,1022 1514,1030 1546,1033 1556,1037 1566,1035 1583,1036 1593,1025 1625,1025 1628,1034 1637,1036 1648,1034 1656,1025 1712,1028 1841,1021 1919,1022 1919,958 1850,954 1840,947 1826,947 1819,953 1773,948 1656,948 1648,937 1636,937 1624,943 1584,930 1568,932"/>
        <Word id="region0002_line0002_word0000" custom="readingOrder {index:0;}">
          <Coords points="442,925 553,928 551,989 440,986"/>
          <TextEquiv conf="0.9654411">
            <Unicode>Der</Unicode>
          </TextEquiv>
        </Word>
        <Word id="region0002_line0002_word0001" custom="readingOrder {index:1;}">
          <Coords points="570,926 710,929 708,988 568,985"/>
          <TextEquiv conf="0.95058775">
            <Unicode>dritte</Unicode>
          </TextEquiv>
        </Word>
        <Word id="region0002_line0002_word0002" custom="readingOrder {index:2;}">
          <Coords points="972,1002 974,936 724,929 722,992 727,993 733,998 744,998 750,994 766,996 769,1004 790,1004 799,994 816,997 822,993 899,999 906,1002"/>
          <TextEquiv>
            <Unicode>Uhr ⸗ aͤlter</Unicode>
          </TextEquiv>
        </Word>
        <Word id="region0002_line0002_word0003" custom="readingOrder {index:3;}">
          <Coords points="1121,1003 1123,943 997,939 995,1002 1000,1003 1004,1008 1030,1009 1035,1004 1106,1003"/>
          <TextEquiv conf="0.9512636">
            <Unicode>Herr</Unicode>
          </TextEquiv>
        </Word>
        <Word id="region0002_line0002_word0004" custom="readingOrder {index:4;}">
          <Coords points="1338,1016 1341,946 1152,940 1150,1005 1252,1008 1311,1013 1314,1022 1314,1022 1332,1023"/>
          <TextEquiv conf="0.9524398">
            <Unicode>Vater,</Unicode>
          </TextEquiv>
        </Word>
        <Word id="region0002_line0002_word0005" custom="readingOrder {index:5;}">
          <Coords points="1477,1017 1494,1018 1496,948 1367,944 1365,1014 1400,1015 1403,1013 1441,1012"/>
          <TextEquiv conf="0.9308175">
            <Unicode>Herr</Unicode>
          </TextEquiv>
        </Word>
        <Word id="region0002_line0002_word0006" custom="readingOrder {index:6;}">
          <Coords points="1615,940 1511,937 1508,1022 1514,1030 1531,1032 1586,1033 1593,1025 1625,1025 1628,1034 1629,1034 1645,1035 1648,1034 1656,1025 1712,1028 1776,1025 1779,949 1773,948 1656,948 1651,941 1629,941 1624,943"/>
          <TextEquiv conf="0.024501419">
            <Unicode>Johann</Unicode>
          </TextEquiv>
        </Word>
        <Word id="region0002_line0002_word0007" custom="readingOrder {index:7;}">
          <Coords points="1797,959 1911,961 1910,1019 1796,1017"/>
          <TextEquiv>
            <Unicode>oder</Unicode>
          </TextEquiv>
        </Word>
        <TextEquiv>
          <Unicode>Der dritte Uhr ⸗ aͤlter Herr Vater, Herr Johann oder</Unicode>
        </TextEquiv>
      </TextLine>
      <TextLine id="region0002_line0003" custom="readingOrder {index:1;}">
        <Coords points="824,994 816,998 801,997 791,1007 784,1008 731,999 719,1001 710,1006 662,1011 637,1011 630,1002 619,1001 611,1003 605,1012 543,1012 515,1010 507,1006 468,1005 460,995 453,992 440,992 430,1001 423,1001 323,984 257,982 254,1081 310,1083 322,1088 338,1081 376,1077 406,1079 410,1076 423,1079 432,1076 451,1079 463,1076 559,1073 635,1081 675,1094 699,1097 707,1102 724,1103 732,1099 738,1105 750,1106 755,1103 761,1107 770,1107 778,1100 786,1101 792,1106 802,1106 806,1103 810,1106 821,1106 831,1098 901,1095 956,1100 966,1110 992,1113 1005,1102 1019,1105 1023,1102 1120,1091 1281,1098 1287,1108 1301,1110 1310,1098 1738,1107 1743,1116 1756,1118 1766,1108 1773,1107 1916,1111 1918,1048 1773,1043 1771,1034 1765,1030 1749,1032 1739,1036 1735,1043 1719,1044 1660,1042 1651,1035 1631,1037 1625,1032 1612,1032 1595,1041 1577,1036 1566,1036 1557,1040 1551,1035 1537,1035 1531,1032 1514,1031 1511,1038 1443,1035 1439,1022 1425,1021 1408,1027 1404,1034 1315,1033 1310,1022 1296,1020 1284,1021 1275,1028 1267,1022 1248,1023 1240,1031 1195,1031 1191,1028 1181,1027 1177,1030 1083,1028 1076,1021 1066,1021 1058,1027 1043,1026 993,1020 964,1021 888,1016 886,1005 880,1001 868,1001 856,1009 847,1010 842,999"/>
        <Word id="region0002_line0003_word0000" custom="readingOrder {index:0;}">
          <Coords points="421,1001 267,996 264,1081 310,1083 314,1084 329,1085 338,1081 376,1077 406,1079 410,1076 423,1079 432,1076 451,1079 463,1076 464,1076 467,1004 466,1002 430,1001 430,1001 423,1001"/>
          <TextEquiv>
            <Unicode>Hans</Unicode>
          </TextEquiv>
        </Word>
        <Word id="region0002_line0003_word0001" custom="readingOrder {index:1;}">
          <Coords points="493,1019 587,1022 586,1073 492,1070"/>
          <TextEquiv conf="0.9641073">
            <Unicode>von</Unicode>
          </TextEquiv>
        </Word>
        <Word id="region0002_line0003_word0002" custom="readingOrder {index:2;}">
          <Coords points="613,1014 689,1016 688,1077 612,1075"/>
          <TextEquiv conf="0.9321821">
            <Unicode>der</Unicode>
          </TextEquiv>
        </Word>
        <Word id="region0002_line0003_word0003" custom="readingOrder {index:3;}">
          <Coords points="757,1003 716,1002 710,1006 704,1006 702,1098 703,1100 728,1100 732,1099 733,1100 775,1102 778,1100 786,1101 787,1102 824,1103 831,1098 901,1095 956,1100 963,1107 997,1108 1005,1102 1019,1105 1023,1102 1031,1101 1033,1024 993,1020 964,1021 888,1016 886,1006 860,1006 856,1009 847,1010 845,1005 793,1004 791,1007 784,1008"/>
          <TextEquiv>
            <Unicode>Aſſeburg,</Unicode>
          </TextEquiv>
        </Word>
        <Word id="region0002_line0003_word0005" custom="readingOrder {index:4;}">
          <Coords points="1062,1031 1159,1034 1158,1088 1061,1085"/>
          <TextEquiv conf="0.9660598">
            <Unicode>von</Unicode>
          </TextEquiv>
        </Word>
        <Word id="region0002_line0003_word0006" custom="readingOrder {index:5;}">
          <Coords points="1194,1030 1178,1030 1176,1093 1281,1098 1285,1105 1304,1106 1310,1098 1384,1100 1386,1036 1213,1031 1195,1031"/>
          <TextEquiv conf="0.9599394">
            <Unicode>welchem</Unicode>
          </TextEquiv>
        </Word>
        <Word id="region0002_line0003_word0007" custom="readingOrder {index:6;}">
          <Coords points="1477,1036 1412,1035 1410,1099 1584,1103 1586,1039 1561,1038 1557,1040 1555,1038 1511,1037 1511,1038"/>
          <TextEquiv conf="0.9329598">
            <Unicode>bereits</Unicode>
          </TextEquiv>
        </Word>
        <Word id="region0002_line0003_word0008" custom="readingOrder {index:7;}">
          <Coords points="1659,1041 1602,1040 1600,1104 1738,1107 1742,1115 1759,1115 1766,1108 1773,1107 1909,1108 1911,1045 1730,1043 1719,1044 1660,1042"/>
          <TextEquiv>
            <Unicode>Erwehnung</Unicode>
          </TextEquiv>
        </Word>
        <TextEquiv>
          <Unicode>Hans von der Aſſeburg, von welchem bereits Erwehnung</Unicode>
        </TextEquiv>
      </TextLine>
      <TextLine id="region0002_line0004" custom="readingOrder {index:2;}">
        <Coords points="419,1079 404,1086 399,1095 382,1094 378,1081 365,1080 351,1084 337,1082 323,1088 318,1094 275,1093 271,1095 254,1095 252,1159 262,1159 270,1164 288,1165 297,1160 314,1160 322,1168 332,1168 341,1159 351,1160 357,1167 370,1167 379,1159 405,1160 411,1168 423,1169 438,1159 599,1160 611,1160 617,1155 618,1109 613,1104 586,1100 436,1096 433,1081"/>
        <Word id="region0002_line0004_word0000" custom="readingOrder {index:0;}">
          <Coords points="382,1093 320,1092 318,1094 275,1093 271,1095 265,1095 263,1160 270,1164 277,1164 289,1165 297,1160 314,1160 320,1166 334,1166 341,1159 351,1160 357,1167 370,1167 370,1167 379,1159 405,1160 411,1168 414,1168 424,1169 438,1159 512,1159 514,1098 436,1096 436,1095 400,1094 399,1095 382,1094"/>
          <TextEquiv conf="0.92187554">
            <Unicode>geſchehen.</Unicode>
          </TextEquiv>
        </Word>
        <TextEquiv>
          <Unicode>geſchehen.</Unicode>
        </TextEquiv>
      </TextLine>
      <TextEquiv>
        <Unicode>Der dritte Uhr ⸗ aͤlter Herr Vater, Herr Johann oder&#13;
Hans von der Aſſeburg, von welchem bereits Erwehnung&#13;
geſchehen.</Unicode>
      </TextEquiv>
    </TextRegion>
    <TextRegion orientation="-1.5630783" readingDirection="left-to-right" id="TextRegion_1645603597926_63" custom="readingOrder {index:2;}">
      <Coords points="250,1188 1915,1188 1910,1379 244,1379"/>
      <TextLine id="region0002_line0005" custom="readingOrder {index:0;}">
        <Coords points="1601,1209 1547,1212 1510,1225 1461,1221 1441,1213 1429,1213 1417,1219 1327,1219 1307,1218 1302,1214 1283,1215 1279,1212 1202,1207 1198,1203 1088,1212 1039,1208 1025,1201 1016,1201 1001,1208 952,1209 942,1209 937,1204 920,1202 908,1202 902,1206 895,1199 884,1199 873,1208 862,1209 809,1203 804,1197 790,1197 784,1199 765,1197 758,1201 676,1199 669,1201 664,1196 650,1197 645,1193 636,1192 626,1199 602,1198 593,1188 577,1188 566,1194 530,1188 526,1184 380,1180 343,1183 337,1187 334,1242 339,1247 364,1248 381,1255 410,1258 562,1262 744,1275 775,1274 777,1281 782,1285 795,1285 805,1275 857,1274 972,1278 976,1281 998,1279 1004,1289 1033,1291 1045,1281 1053,1280 1261,1284 1352,1293 1361,1305 1373,1305 1379,1296 1420,1297 1429,1302 1441,1303 1456,1297 1498,1295 1521,1299 1556,1311 1578,1312 1585,1316 1633,1317 1706,1305 1911,1294 1913,1233 1731,1222 1683,1215 1678,1211"/>
        <Word id="region0002_line0005_word0000" custom="readingOrder {index:0;}">
          <Coords points="547,1261 549,1207 442,1204 440,1258"/>
          <TextEquiv conf="0.96904784">
            <Unicode>Die</Unicode>
          </TextEquiv>
        </Word>
        <Word id="region0002_line0005_word0001" custom="readingOrder {index:1;}">
          <Coords points="713,1272 715,1213 574,1209 572,1262"/>
          <TextEquiv conf="0.932697">
            <Unicode>dritte</Unicode>
          </TextEquiv>
        </Word>
        <Word id="word_1643033964733_585" custom="readingOrder {index:2;}">
          <Coords points="731,1213 871,1216 989,1219 987,1279 976,1281 795,1285 782,1285 729,1273"/>
          <TextEquiv>
            <Unicode>Uhr⸗aͤlter</Unicode>
          </TextEquiv>
        </Word>
        <Word id="region0002_line0005_word0004" custom="readingOrder {index:3;}">
          <Coords points="1129,1281 1131,1222 1004,1218 1002,1285 1004,1289 1033,1291 1045,1281 1053,1280"/>
          <TextEquiv conf="0.94977057">
            <Unicode>Frau</Unicode>
          </TextEquiv>
        </Word>
        <Word id="region0002_line0005_word0005" custom="readingOrder {index:4;}">
          <Coords points="1378,1297 1380,1227 1154,1221 1152,1281 1261,1284 1352,1293 1361,1305 1373,1305"/>
          <TextEquiv conf="0.91919947">
            <Unicode>Mutter,</Unicode>
          </TextEquiv>
        </Word>
        <Word id="region0002_line0005_word0006" custom="readingOrder {index:5;}">
          <Coords points="1538,1304 1545,1305 1547,1232 1417,1229 1415,1296 1420,1297 1429,1302 1434,1302 1441,1302 1456,1297 1498,1295 1521,1299"/>
          <TextEquiv conf="0.93162316">
            <Unicode>Frau</Unicode>
          </TextEquiv>
        </Word>
        <Word id="region0002_line0005_word0007" custom="readingOrder {index:6;}">
          <Coords points="1780,1301 1782,1230 1570,1224 1568,1311 1578,1312 1584,1315 1633,1316 1706,1305"/>
          <TextEquiv>
            <Unicode>Clara</Unicode>
          </TextEquiv>
        </Word>
        <Word id="region0002_line0005_word0008" custom="readingOrder {index:7;}">
          <Coords points="1890,1296 1892,1246 1805,1244 1803,1298 1823,1298"/>
          <TextEquiv>
            <Unicode>von</Unicode>
          </TextEquiv>
        </Word>
        <TextEquiv>
          <Unicode>Die dritte Uhr⸗aͤlter Frau Mutter, Frau Clara von</Unicode>
        </TextEquiv>
      </TextLine>
      <TextLine id="region0002_line0006" custom="readingOrder {index:1;}">
        <Coords points="292,1252 250,1252 247,1357 332,1361 340,1357 405,1352 473,1354 481,1361 489,1361 497,1355 588,1353 672,1359 688,1371 699,1371 715,1361 787,1362 794,1370 805,1370 815,1362 820,1371 832,1372 840,1362 980,1362 1110,1366 1118,1377 1127,1377 1136,1368 1163,1369 1171,1378 1194,1378 1203,1370 1303,1374 1308,1384 1320,1386 1330,1375 1353,1376 1360,1383 1370,1384 1378,1377 1449,1378 1457,1377 1462,1372 1463,1325 1460,1321 1419,1313 1362,1309 1357,1304 1343,1304 1336,1309 1330,1299 1324,1297 1303,1300 1295,1307 1251,1306 1245,1298 1236,1296 1226,1296 1216,1304 1155,1301 1151,1295 1137,1290 1125,1291 1115,1300 1038,1300 1028,1300 1021,1293 1006,1292 993,1292 980,1299 911,1294 907,1291 893,1289 880,1289 870,1294 854,1293 847,1285 827,1284 819,1293 811,1284 786,1287 779,1294 771,1285 759,1284 746,1295 739,1295 732,1285 720,1285 708,1288 700,1295 561,1285 555,1284 547,1275 531,1276 526,1279 421,1272 349,1258"/>
        <Word id="region0002_line0006_word0000" custom="readingOrder {index:0;}">
          <Coords points="394,1266 262,1263 259,1354 346,1356 405,1352 473,1354 480,1360 489,1360 497,1355 501,1354 502,1277 421,1272"/>
          <TextEquiv>
            <Unicode>Cram,</Unicode>
          </TextEquiv>
        </Word>
        <Word id="region0002_line0006_word0001" custom="readingOrder {index:1;}">
          <Coords points="558,1284 532,1284 530,1344 665,1347 666,1292 561,1285"/>
          <TextEquiv>
            <Unicode>deren</Unicode>
          </TextEquiv>
        </Word>
        <Word id="region0002_line0006_word0002" custom="readingOrder {index:2;}">
          <Coords points="735,1289 707,1289 700,1295 683,1294 681,1361 714,1362 715,1361 787,1362 789,1364 812,1365 815,1362 817,1365 837,1365 840,1362 935,1362 937,1296 917,1294 872,1293 870,1294 854,1293 854,1293 820,1292 819,1293 818,1292 782,1291 779,1294 776,1291 752,1290 746,1295 739,1295"/>
          <TextEquiv conf="0.9577873">
            <Unicode>gleichfalls</Unicode>
          </TextEquiv>
        </Word>
        <Word id="region0002_line0006_word0003" custom="readingOrder {index:3;}">
          <Coords points="1024,1296 987,1294 980,1299 955,1297 954,1362 980,1362 1110,1366 1112,1368 1134,1369 1136,1368 1151,1368 1153,1300 1116,1298 1115,1300 1038,1300 1028,1300"/>
          <TextEquiv conf="0.96808195">
            <Unicode>allererſt</Unicode>
          </TextEquiv>
        </Word>
        <Word id="region0002_line0006_word0004" custom="readingOrder {index:4;}">
          <Coords points="1249,1303 1218,1302 1216,1304 1171,1302 1169,1373 1199,1374 1203,1370 1303,1374 1304,1377 1328,1378 1330,1375 1353,1376 1355,1378 1376,1379 1376,1379 1378,1310 1362,1309 1359,1306 1340,1306 1336,1309 1334,1306 1298,1305 1295,1307 1251,1306"/>
          <TextEquiv>
            <Unicode>gedacht.</Unicode>
          </TextEquiv>
        </Word>
        <TextEquiv>
          <Unicode>Cram, deren gleichfalls allererſt gedacht.</Unicode>
        </TextEquiv>
      </TextLine>
      <TextEquiv>
        <Unicode>Die dritte Uhr⸗ aͤlter Frau Mutter, Frau Clara von&#13;
Cram, deren gleichfalls allererſt gedacht.</Unicode>
      </TextEquiv>
    </TextRegion>
    <TextRegion orientation="-1.5630783" readingDirection="left-to-right" id="TextRegion_1645603619895_72" custom="readingOrder {index:3;}">
      <Coords points="244,1379 1910,1379 1903,1718 241,1718 238,1638"/>
      <TextLine id="region0002_line0007" custom="readingOrder {index:0;}">
        <Coords points="1212,1378 1202,1388 1200,1396 1194,1396 1187,1391 1171,1390 1167,1393 1162,1390 1151,1390 1138,1394 1082,1397 1045,1396 1034,1388 1019,1385 1009,1386 1003,1394 982,1394 929,1394 925,1390 889,1389 883,1385 871,1385 861,1393 823,1393 807,1391 797,1383 785,1383 771,1387 758,1385 752,1389 743,1385 685,1389 666,1385 661,1389 623,1390 617,1389 611,1379 599,1378 590,1387 578,1387 572,1382 550,1384 475,1375 459,1371 442,1370 435,1373 362,1372 334,1376 327,1380 325,1434 330,1439 392,1447 660,1454 729,1457 739,1461 754,1459 758,1462 770,1460 778,1471 790,1471 800,1459 820,1462 839,1459 906,1461 910,1464 921,1464 925,1461 998,1463 1002,1475 1010,1478 1029,1472 1034,1463 1049,1463 1061,1466 1067,1463 1087,1466 1091,1463 1188,1466 1298,1474 1302,1487 1314,1488 1322,1484 1326,1474 1370,1476 1385,1484 1396,1482 1407,1474 1442,1475 1521,1488 1534,1500 1562,1500 1568,1503 1585,1497 1590,1491 1660,1493 1664,1491 1693,1492 1746,1490 1752,1501 1762,1502 1772,1500 1778,1491 1783,1489 1906,1483 1908,1422 1832,1418 1820,1413 1808,1412 1804,1415 1781,1414 1779,1402 1771,1396 1755,1396 1743,1400 1738,1413 1731,1411 1730,1402 1723,1396 1710,1397 1705,1402 1702,1413 1670,1412 1663,1406 1655,1405 1648,1410 1623,1407 1614,1395 1602,1394 1593,1403 1569,1398 1536,1400 1514,1394 1509,1399 1489,1400 1458,1408 1440,1408 1410,1406 1396,1398 1386,1398 1377,1404 1265,1402 1265,1390 1258,1380 1250,1380 1242,1385 1240,1398 1228,1398 1227,1383 1221,1378"/>
        <Word id="region0002_line0007_word0000" custom="readingOrder {index:0;}">
          <Coords points="428,1383 540,1386 539,1447 427,1444"/>
          <TextEquiv conf="0.968961">
            <Unicode>Der</Unicode>
          </TextEquiv>
        </Word>
        <Word id="region0002_line0007_word0001" custom="readingOrder {index:1;}">
          <Coords points="621,1389 559,1388 558,1447 705,1451 706,1392 627,1389 623,1390"/>
          <TextEquiv conf="0.96353567">
            <Unicode>vierte</Unicode>
          </TextEquiv>
        </Word>
        <Word id="region0002_line0007_word0002" custom="readingOrder {index:2;}">
          <Coords points="978,1462 980,1399 728,1392 726,1456 729,1457 739,1461 754,1459 758,1462 770,1460 773,1465 794,1465 800,1459 820,1462 839,1459 906,1461 910,1464 921,1464 925,1461"/>
          <TextEquiv>
            <Unicode>Uhr ⸗ aͤlter</Unicode>
          </TextEquiv>
        </Word>
        <Word id="region0002_line0007_word0003" custom="readingOrder {index:3;}">
          <Coords points="1119,1463 1121,1401 995,1397 993,1462 998,1463 1002,1475 1005,1476 1014,1476 1029,1472 1034,1463 1049,1463 1061,1466 1067,1463 1087,1466 1091,1463"/>
          <TextEquiv conf="0.96434516">
            <Unicode>Herr</Unicode>
          </TextEquiv>
        </Word>
        <Word id="region0002_line0007_word0004" custom="readingOrder {index:4;}">
          <Coords points="1227,1391 1201,1390 1200,1396 1194,1396 1187,1391 1171,1390 1167,1393 1162,1390 1151,1390 1138,1393 1137,1464 1188,1466 1298,1474 1300,1483 1322,1483 1324,1478 1325,1403 1265,1402 1265,1392 1240,1391 1240,1398 1228,1398"/>
          <TextEquiv conf="0.68949807">
            <Unicode>Vater,</Unicode>
          </TextEquiv>
        </Word>
        <Word id="region0002_line0007_word0005" custom="readingOrder {index:5;}">
          <Coords points="1474,1480 1496,1481 1498,1412 1366,1408 1364,1475 1370,1476 1372,1477 1401,1478 1407,1474 1442,1475"/>
          <TextEquiv conf="0.950861">
            <Unicode>Herr</Unicode>
          </TextEquiv>
        </Word>
        <Word id="region0002_line0007_word0006" custom="readingOrder {index:6;}">
          <Coords points="1589,1402 1513,1400 1511,1486 1521,1488 1529,1496 1585,1497 1585,1497 1590,1491 1660,1493 1664,1491 1693,1492 1746,1490 1752,1501 1762,1502 1772,1500 1778,1491 1783,1489 1785,1489 1787,1414 1781,1414 1780,1408 1740,1407 1738,1413 1731,1411 1730,1406 1704,1406 1702,1413 1670,1412 1663,1406 1655,1405 1648,1410 1623,1407 1620,1403 1594,1402 1593,1403"/>
          <TextEquiv conf="0.64224166">
            <Unicode>Dietrich</Unicode>
          </TextEquiv>
        </Word>
        <Word id="region0002_line0007_word0007" custom="readingOrder {index:7;}">
          <Coords points="1805,1424 1901,1424 1899,1480 1803,1480"/>
          <TextEquiv>
            <Unicode>von</Unicode>
          </TextEquiv>
        </Word>
        <TextEquiv>
          <Unicode>Der vierte Uhr ⸗ aͤlter Herr Vater, Herr Dietrich von</Unicode>
        </TextEquiv>
      </TextLine>
      <TextLine id="region0002_line0008" custom="readingOrder {index:1;}">
        <Coords points="291,1439 245,1440 242,1533 355,1539 413,1530 504,1533 533,1535 541,1544 556,1543 565,1536 668,1539 673,1547 683,1548 690,1537 699,1537 705,1541 753,1543 763,1551 771,1551 780,1544 834,1546 840,1553 847,1555 859,1555 866,1548 913,1550 919,1561 934,1562 939,1558 941,1551 1051,1551 1057,1555 1066,1555 1071,1551 1157,1551 1162,1554 1178,1553 1182,1559 1198,1565 1214,1562 1221,1554 1282,1558 1283,1565 1288,1571 1300,1573 1312,1559 1452,1561 1457,1570 1470,1572 1480,1563 1488,1572 1500,1572 1507,1565 1515,1564 1541,1564 1547,1568 1564,1568 1568,1565 1580,1568 1606,1566 1607,1581 1615,1583 1628,1580 1635,1566 1731,1571 1904,1574 1906,1506 1880,1505 1873,1499 1864,1499 1836,1507 1822,1507 1816,1500 1805,1499 1797,1502 1791,1508 1780,1508 1774,1501 1754,1506 1748,1501 1711,1498 1686,1503 1615,1505 1601,1505 1594,1499 1586,1498 1577,1504 1568,1504 1562,1501 1526,1500 1523,1496 1511,1491 1497,1491 1488,1495 1479,1488 1462,1488 1449,1484 1437,1483 1428,1489 1396,1488 1390,1484 1378,1484 1363,1487 1325,1486 1274,1491 1228,1490 1221,1485 1211,1484 1206,1489 1199,1490 1160,1488 1153,1476 1137,1472 1127,1479 1113,1478 1104,1484 1079,1483 1073,1479 1042,1480 1023,1474 1010,1479 1000,1476 995,1479 901,1481 891,1472 865,1471 858,1480 840,1478 834,1473 824,1473 817,1478 809,1478 795,1472 773,1474 758,1468 744,1468 735,1473 711,1473 705,1466 683,1465 669,1473 584,1477 542,1471 395,1461 393,1452 388,1447 371,1445 360,1456 337,1446"/>
        <Word id="region0002_line0008_word0000" custom="readingOrder {index:0;}">
          <Coords points="352,1452 256,1450 254,1531 382,1534 413,1530 504,1533 533,1535 536,1539 559,1539 563,1537 564,1474 542,1471 395,1461 393,1454 362,1453 360,1456"/>
          <TextEquiv conf="0.9182906">
            <Unicode>Quitzau,</Unicode>
          </TextEquiv>
        </Word>
        <Word id="region0002_line0008_word0001" custom="readingOrder {index:1;}">
          <Coords points="700,1537 702,1473 670,1472 669,1473 609,1475 608,1537 688,1538 690,1537 699,1537"/>
          <TextEquiv conf="0.92515475">
            <Unicode>auf</Unicode>
          </TextEquiv>
        </Word>
        <Word id="region0002_line0008_word0002" custom="readingOrder {index:2;}">
          <Coords points="807,1477 728,1475 726,1542 753,1543 761,1549 773,1549 780,1544 834,1546 839,1551 862,1552 866,1548 913,1550 915,1554 940,1554 941,1551 966,1551 968,1482 920,1481 901,1481 900,1480 859,1479 858,1480 843,1478 818,1478 817,1478 809,1478"/>
          <TextEquiv conf="0.76454526">
            <Unicode>Kleitzke,</Unicode>
          </TextEquiv>
        </Word>
        <Word id="region0002_line0008_word0003" custom="readingOrder {index:3;}">
          <Coords points="1005,1477 997,1477 995,1479 980,1479 979,1551 1051,1551 1057,1555 1066,1555 1071,1551 1157,1551 1162,1554 1178,1553 1182,1559 1189,1561 1212,1562 1214,1562 1221,1554 1282,1558 1282,1564 1306,1564 1309,1562 1310,1487 1274,1491 1228,1490 1221,1485 1211,1484 1206,1489 1199,1490 1160,1488 1156,1481 1109,1480 1104,1484 1079,1483 1073,1479 1064,1479 1042,1480 1037,1478 1012,1477 1010,1479"/>
          <TextEquiv conf="0.7416611">
            <Unicode>Ellenbogen,</Unicode>
          </TextEquiv>
        </Word>
        <Word id="region0002_line0008_word0004" custom="readingOrder {index:4;}">
          <Coords points="1486,1494 1354,1490 1352,1560 1452,1561 1457,1570 1457,1570 1472,1570 1480,1563 1487,1571 1501,1571 1507,1565 1515,1564 1541,1564 1547,1568 1564,1568 1568,1565 1580,1568 1606,1566 1607,1574 1630,1575 1632,1505 1615,1505 1601,1505 1594,1499 1586,1498 1577,1504 1568,1504 1562,1501 1526,1500 1523,1496 1520,1495 1490,1494 1488,1495"/>
          <TextEquiv>
            <Unicode>Ruͤhſtedt,</Unicode>
          </TextEquiv>
        </Word>
        <Word id="region0002_line0008_word0005" custom="readingOrder {index:5;}">
          <Coords points="1750,1502 1694,1501 1686,1503 1684,1503 1683,1560 1907,1565 1909,1506 1842,1505 1836,1507 1822,1507 1819,1504 1795,1503 1791,1508 1780,1508 1776,1503 1765,1503 1754,1506"/>
          <TextEquiv>
            <Unicode>Wiedela</Unicode>
          </TextEquiv>
        </Word>
        <TextEquiv>
          <Unicode>Quitzau, auf Kleitzke, Ellenbogen, Ruͤhſtedt, Wiedela</Unicode>
        </TextEquiv>
      </TextLine>
      <TextLine id="region0002_line0009" custom="readingOrder {index:2;}">
        <Coords points="1127,1553 1122,1558 1120,1571 1099,1570 1100,1559 1097,1555 1082,1553 1076,1559 1077,1572 1058,1571 1053,1566 1040,1566 1033,1570 1016,1568 1011,1571 979,1569 976,1566 964,1566 958,1568 953,1562 943,1562 936,1568 933,1563 918,1562 912,1567 902,1568 808,1562 794,1552 778,1551 763,1560 643,1559 591,1553 589,1545 583,1540 570,1540 553,1547 539,1545 530,1552 524,1546 513,1545 507,1551 481,1551 473,1540 461,1541 454,1549 430,1547 425,1546 414,1536 403,1535 395,1540 390,1537 373,1537 363,1545 344,1546 337,1539 329,1539 321,1541 315,1547 242,1547 240,1611 465,1615 476,1624 492,1626 507,1616 556,1616 563,1625 575,1625 582,1618 613,1620 620,1627 631,1630 646,1629 653,1623 707,1627 716,1636 727,1636 737,1628 769,1629 776,1634 784,1635 800,1628 873,1628 879,1637 892,1641 901,1629 970,1633 974,1630 986,1630 999,1634 1003,1631 1072,1632 1088,1634 1093,1643 1104,1644 1120,1635 1188,1636 1193,1640 1204,1640 1215,1635 1256,1638 1259,1646 1267,1651 1278,1650 1287,1640 1342,1643 1342,1650 1347,1655 1363,1653 1371,1644 1420,1646 1448,1644 1510,1651 1519,1662 1535,1659 1540,1664 1549,1665 1555,1661 1557,1653 1601,1654 1607,1662 1619,1664 1628,1655 1774,1659 1872,1658 1878,1656 1901,1655 1903,1598 1811,1594 1750,1586 1743,1582 1726,1584 1718,1581 1704,1581 1698,1584 1652,1580 1626,1581 1615,1584 1585,1583 1576,1572 1563,1574 1554,1583 1533,1572 1522,1573 1505,1581 1485,1581 1478,1574 1465,1573 1453,1580 1280,1575 1277,1570 1266,1568 1260,1563 1245,1563 1238,1573 1230,1573 1226,1569 1204,1572 1200,1566 1186,1562 1173,1563 1161,1571 1144,1570 1144,1561 1138,1554"/>
        <Word id="region0002_line0009_word0000" custom="readingOrder {index:0;}">
          <Coords points="257,1550 352,1553 350,1611 255,1608"/>
          <TextEquiv conf="0.93304056">
            <Unicode>und</Unicode>
          </TextEquiv>
        </Word>
        <Word id="region0002_line0009_word0001" custom="readingOrder {index:1;}">
          <Coords points="442,1548 368,1546 366,1613 465,1615 472,1621 499,1622 507,1616 556,1616 562,1623 576,1624 582,1618 613,1620 618,1625 650,1626 653,1623 707,1627 707,1627 735,1628 737,1560 643,1559 591,1553 591,1552 532,1550 530,1552 528,1550 508,1550 507,1551 481,1551 480,1549 455,1548 454,1549"/>
          <TextEquiv conf="0.91301155">
            <Unicode>Voigtshagen,</Unicode>
          </TextEquiv>
        </Word>
        <Word id="word_1643033992656_590" custom="readingOrder {index:2;}">
          <Coords points="774,1553 797,1554 808,1562 902,1568 912,1567 918,1562 933,1563 936,1568 943,1562 953,1562 958,1568 964,1566 976,1566 979,1569 1011,1571 1016,1568 1033,1570 1040,1566 1053,1566 1058,1571 1070,1571 1070,1631 1003,1631 999,1634 986,1630 974,1630 970,1633 901,1629 898,1633 876,1632 873,1628 800,1628 795,1630 769,1629 759,1629 761,1560 763,1560"/>
          <TextEquiv conf="0.25425956">
            <Unicode>Hauptmann</Unicode>
          </TextEquiv>
        </Word>
        <Word id="region0002_line0009_word0003" custom="readingOrder {index:3;}">
          <Coords points="1099,1558 1081,1558 1078,1633 1088,1634 1093,1643 1104,1644 1120,1635 1140,1635 1143,1560 1142,1559 1122,1559 1120,1571 1099,1570 1100,1559"/>
          <TextEquiv conf="0.88825303">
            <Unicode>zu</Unicode>
          </TextEquiv>
        </Word>
        <Word id="region0002_line0009_word0004" custom="readingOrder {index:4;}">
          <Coords points="1203,1571 1164,1570 1163,1636 1188,1636 1193,1640 1204,1640 1215,1635 1256,1638 1259,1646 1281,1646 1287,1640 1342,1643 1342,1648 1367,1649 1367,1648 1369,1578 1280,1575 1279,1573 1239,1572 1238,1573 1230,1573 1229,1572 1209,1571 1204,1572"/>
          <TextEquiv conf="0.89151454">
            <Unicode>Lentzen,</Unicode>
          </TextEquiv>
        </Word>
        <Word id="region0002_line0009_word0005" custom="readingOrder {index:5;}">
          <Coords points="1392,1580 1491,1583 1490,1640 1391,1637"/>
          <TextEquiv conf="0.9214074">
            <Unicode>und</Unicode>
          </TextEquiv>
        </Word>
        <Word id="region0002_line0009_word0006" custom="readingOrder {index:6;}">
          <Coords points="1546,1579 1511,1578 1509,1578 1508,1650 1510,1651 1512,1654 1556,1655 1557,1653 1601,1654 1603,1656 1625,1657 1628,1655 1676,1656 1678,1583 1624,1581 1615,1584 1585,1583 1582,1580 1557,1579 1554,1583"/>
          <TextEquiv conf="0.92000854">
            <Unicode>Fuͤrſtl.</Unicode>
          </TextEquiv>
        </Word>
        <Word id="region0002_line0009_word0007" custom="readingOrder {index:7;}">
          <Coords points="1781,1590 1697,1588 1696,1647 1898,1652 1898,1597 1811,1594"/>
          <TextEquiv conf="0.9200718">
            <Unicode>Braun⸗</Unicode>
          </TextEquiv>
        </Word>
        <TextEquiv>
          <Unicode>und Voigtshagen, Hauptmann zu Lentzen, und Fuͤrſtl. Braun⸗</Unicode>
        </TextEquiv>
      </TextLine>
      <TextLine id="region0003_line0001" custom="readingOrder {index:3;}">
        <Coords points="909,1628 907,1631 893,1632 881,1640 871,1633 851,1633 845,1637 818,1634 759,1635 754,1632 738,1631 724,1637 715,1637 710,1631 698,1630 690,1638 683,1639 645,1637 638,1626 623,1626 611,1631 606,1636 563,1633 552,1619 541,1619 531,1629 514,1623 499,1624 494,1628 447,1624 419,1632 409,1622 398,1622 387,1634 382,1635 325,1630 311,1622 286,1625 281,1622 269,1622 262,1625 250,1625 248,1694 254,1695 255,1703 264,1703 274,1703 278,1696 289,1696 292,1704 302,1704 311,1704 320,1695 392,1696 401,1697 408,1707 433,1708 444,1698 641,1701 689,1704 695,1705 703,1715 724,1716 737,1706 882,1708 899,1710 902,1713 915,1710 921,1718 931,1720 940,1712 949,1711 1097,1714 1104,1706 1114,1707 1120,1701 1121,1654 1116,1649 1099,1648 1095,1633 1073,1633 1072,1636 1069,1632 1045,1632 1045,1637 1035,1641 1031,1646 1005,1646 1007,1631 984,1630 982,1642 977,1646 959,1645 951,1635 945,1633 931,1634 927,1629"/>
        <Word id="region0003_line0001_word0000" custom="readingOrder {index:0;}">
          <Coords points="472,1698 474,1638 255,1632 253,1695 254,1695 255,1703 264,1703 274,1703 278,1696 289,1696 292,1704 302,1704 311,1704 320,1695 392,1696 401,1697 408,1707 428,1708 433,1708 444,1698"/>
          <TextEquiv conf="0.89114046">
            <Unicode>ſchweigl.</Unicode>
          </TextEquiv>
        </Word>
        <Word id="region0003_line0001_word0001" custom="readingOrder {index:1;}">
          <Coords points="677,1639 491,1634 489,1699 641,1701 689,1704 695,1705 703,1715 720,1716 724,1716 737,1706 767,1706 769,1641 684,1639 683,1639"/>
          <TextEquiv conf="0.89114046">
            <Unicode>Luͤneburgl.</Unicode>
          </TextEquiv>
        </Word>
        <Word id="region0003_line0001_word0002" custom="readingOrder {index:2;}">
          <Coords points="879,1638 785,1636 783,1707 882,1708 899,1710 902,1713 915,1710 921,1718 931,1720 940,1712 949,1711 1089,1714 1091,1644 1034,1643 1031,1646 1005,1646 1006,1642 982,1641 982,1642 977,1646 959,1645 955,1640 883,1639 881,1640"/>
          <TextEquiv>
            <Unicode>Obriſter.</Unicode>
          </TextEquiv>
        </Word>
        <TextEquiv>
          <Unicode>ſchweigl. Luͤneburgl. Obriſter.</Unicode>
        </TextEquiv>
      </TextLine>
      <TextEquiv>
        <Unicode>Der vierte Uhr ⸗ aͤlter Herr Vater, Herr Dietrich von&#13;
Quitzau, auf Kleitzke, Ellenbogen, Ruͤhſtedt, Wiedela&#13;
und Voigtshagen, Hauptmann zu Lentzen, und Fuͤrſtl. Braun⸗&#13;
ſchweigl. Luͤneburgl. Obriſter.</Unicode>
      </TextEquiv>
    </TextRegion>
    <TextRegion orientation="-1.5630783" readingDirection="left-to-right" id="TextRegion_1645603619895_71" custom="readingOrder {index:4;}">
      <Coords points="241,1718 1903,1718 1903,1727 1897,1951 248,1904"/>
      <TextLine id="region0004_line0001" custom="readingOrder {index:0;}">
        <Coords points="994,1725 988,1731 987,1742 983,1744 968,1744 959,1739 944,1740 941,1737 921,1739 913,1730 903,1729 895,1739 840,1739 821,1737 815,1732 798,1731 793,1734 788,1730 779,1730 774,1734 727,1734 694,1739 686,1734 677,1734 669,1741 641,1742 626,1741 621,1729 608,1728 599,1742 535,1736 512,1730 506,1725 493,1727 465,1723 314,1719 309,1724 307,1772 312,1777 344,1778 345,1788 351,1794 388,1800 454,1805 533,1804 788,1813 790,1820 795,1824 807,1823 816,1814 889,1813 1034,1818 1047,1829 1060,1829 1073,1825 1079,1819 1097,1818 1323,1823 1387,1833 1389,1840 1397,1843 1405,1843 1412,1837 1497,1841 1510,1837 1541,1834 1613,1835 1616,1850 1622,1856 1631,1856 1650,1854 1656,1849 1659,1838 1824,1843 1829,1840 1899,1841 1901,1782 1825,1778 1816,1772 1808,1772 1800,1777 1744,1774 1744,1756 1736,1749 1722,1748 1707,1754 1612,1750 1604,1754 1602,1767 1578,1767 1496,1751 1427,1751 1370,1756 1348,1754 1340,1748 1330,1748 1321,1751 1316,1748 1238,1743 1230,1739 1221,1739 1216,1742 1174,1742 1127,1749 1073,1744 1058,1735 1050,1735 1036,1743 1009,1742 1008,1730 1002,1726"/>
        <Word id="region0004_line0001_word0000" custom="readingOrder {index:0;}">
          <Coords points="422,1736 531,1739 530,1804 421,1801"/>
          <TextEquiv conf="0.9651282">
            <Unicode>Die</Unicode>
          </TextEquiv>
        </Word>
        <Word id="region0004_line0001_word0001" custom="readingOrder {index:1;}">
          <Coords points="581,1740 568,1740 567,1803 713,1807 714,1744 641,1742 599,1740 599,1742"/>
          <TextEquiv conf="0.9649895">
            <Unicode>vierte</Unicode>
          </TextEquiv>
        </Word>
        <Word id="word_1643034007265_597" custom="readingOrder {index:2;}">
          <Coords points="747,1742 896,1738 952,1739 987,1740 1009,1741 1011,1742 1009,1815 809,1821 790,1820 745,1811"/>
          <TextEquiv>
            <Unicode>Uhr ⸗ aͤlter</Unicode>
          </TextEquiv>
        </Word>
        <Word id="region0004_line0001_word0004" custom="readingOrder {index:3;}">
          <Coords points="1164,1819 1166,1753 1037,1750 1035,1819 1044,1827 1064,1827 1073,1825 1079,1819 1097,1818"/>
          <TextEquiv conf="0.9611492">
            <Unicode>Frau</Unicode>
          </TextEquiv>
        </Word>
        <Word id="region0004_line0001_word0005" custom="readingOrder {index:4;}">
          <Coords points="1414,1837 1416,1760 1193,1754 1191,1820 1323,1823 1387,1833 1388,1839 1408,1839 1412,1837"/>
          <TextEquiv conf="0.8625921">
            <Unicode>Mutter,</Unicode>
          </TextEquiv>
        </Word>
        <Word id="region0004_line0001_word0006" custom="readingOrder {index:5;}">
          <Coords points="1561,1763 1471,1761 1469,1834 1523,1835 1541,1834 1597,1834 1598,1767 1578,1767"/>
          <TextEquiv conf="0.9328054">
            <Unicode>Frau</Unicode>
          </TextEquiv>
        </Word>
        <Word id="region0004_line0001_word0007" custom="readingOrder {index:6;}">
          <Coords points="1744,1759 1625,1757 1623,1850 1653,1850 1656,1849 1659,1838 1757,1840 1758,1774 1744,1774"/>
          <TextEquiv conf="0.92394996">
            <Unicode>Jeſe</Unicode>
          </TextEquiv>
        </Word>
        <Word id="region0004_line0001_word0008" custom="readingOrder {index:7;}">
          <Coords points="1801,1782 1898,1784 1896,1838 1799,1836"/>
          <TextEquiv>
            <Unicode>von</Unicode>
          </TextEquiv>
        </Word>
        <TextEquiv>
          <Unicode>Die vierte Uhr ⸗ aͤlter Frau Mutter, Frau Jeſe von</Unicode>
        </TextEquiv>
      </TextLine>
      <TextLine id="region0004_line0002" custom="readingOrder {index:1;}">
        <Coords points="379,1802 370,1806 362,1806 357,1811 296,1807 282,1803 250,1804 248,1899 267,1900 270,1904 305,1905 334,1899 416,1898 417,1908 423,1909 437,1909 447,1899 565,1901 571,1907 582,1907 588,1901 730,1899 875,1905 886,1915 898,1915 908,1906 983,1906 989,1916 1001,1918 1008,1908 1163,1909 1272,1915 1283,1925 1295,1927 1307,1923 1312,1917 1423,1919 1429,1913 1430,1865 1423,1859 1421,1849 1390,1842 1342,1841 1334,1834 1318,1833 1306,1837 1302,1842 1250,1845 1221,1844 1220,1837 1215,1830 1201,1829 1188,1835 1182,1843 1101,1835 1068,1827 1051,1833 1021,1832 1011,1827 1001,1827 987,1835 966,1838 916,1835 908,1827 893,1825 881,1829 877,1834 811,1836 776,1835 767,1825 756,1825 745,1834 738,1833 729,1827 715,1827 707,1833 641,1834 622,1827 597,1824 510,1821 509,1811 506,1805 489,1807 483,1812 481,1820 445,1817 443,1810 438,1805 426,1805 412,1812 408,1808 396,1810 388,1802"/>
        <Word id="region0004_line0002_word0000" custom="readingOrder {index:0;}">
          <Coords points="594,1900 596,1824 256,1814 254,1899 267,1900 270,1904 305,1905 334,1899 416,1898 417,1908 423,1909 437,1909 447,1899 565,1901 571,1907 582,1907 588,1901"/>
          <TextEquiv>
            <Unicode>Veltheim,</Unicode>
          </TextEquiv>
        </Word>
        <Word id="region0004_line0002_word0001" custom="readingOrder {index:1;}">
          <Coords points="734,1899 736,1843 642,1841 640,1898 704,1899 730,1899"/>
          <TextEquiv conf="0.95005286">
            <Unicode>aus</Unicode>
          </TextEquiv>
        </Word>
        <Word id="region0004_line0002_word0002" custom="readingOrder {index:2;}">
          <Coords points="852,1904 854,1844 753,1841 751,1899"/>
          <TextEquiv conf="0.9615652">
            <Unicode>dem</Unicode>
          </TextEquiv>
        </Word>
        <Word id="region0004_line0002_word0003" custom="readingOrder {index:3;}">
          <Coords points="1027,1908 1029,1846 872,1842 870,1904 875,1905 886,1915 898,1915 908,1906 983,1906 989,1916 1001,1918 1008,1908"/>
          <TextEquiv conf="0.9322606">
            <Unicode>Hauſe</Unicode>
          </TextEquiv>
        </Word>
        <Word id="region0004_line0002_word0004" custom="readingOrder {index:4;}">
          <Coords points="1348,1917 1351,1853 1048,1845 1046,1908 1163,1909 1272,1915 1283,1925 1295,1927 1307,1923 1312,1917"/>
          <TextEquiv conf="0.9248115">
            <Unicode>Deenburgk.</Unicode>
          </TextEquiv>
        </Word>
        <TextEquiv>
          <Unicode>Veltheim, aus dem Hauſe Deenburgk.</Unicode>
        </TextEquiv>
      </TextLine>
      <TextEquiv>
        <Unicode>Die vierte Uhr ⸗ aͤlter Frau Mutter, Frau Jeſe von&#13;
Veltheim, aus dem Hauſe Deenburgk.</Unicode>
      </TextEquiv>
    </TextRegion>
    <TextRegion orientation="-1.5630783" readingDirection="left-to-right" id="region0006" custom="readingOrder {index:5;}">
      <Coords points="242,2461 1897,2508 1892,2690 237,2643"/>
      <TextLine id="region0006_line0001" custom="readingOrder {index:0;}">
        <Coords points="429,2467 309,2466 304,2471 303,2504 307,2509 355,2510 356,2530 364,2537 419,2542 423,2545 443,2544 447,2547 463,2544 545,2546 547,2555 553,2560 564,2559 570,2549 606,2551 614,2561 624,2562 634,2552 639,2560 651,2561 658,2553 721,2553 734,2557 738,2554 757,2554 761,2560 771,2563 788,2554 980,2561 989,2570 1005,2572 1013,2562 1058,2563 1270,2575 1277,2587 1290,2589 1296,2584 1298,2577 1325,2578 1330,2582 1345,2583 1352,2579 1405,2578 1558,2588 1698,2593 1697,2605 1707,2615 1724,2614 1735,2596 1894,2602 1895,2531 1556,2518 1556,2507 1550,2499 1457,2496 1454,2510 1423,2509 1366,2505 1349,2495 1337,2496 1328,2503 1243,2504 1236,2502 1229,2496 1208,2500 1173,2496 1164,2489 1146,2493 1138,2488 1124,2488 1116,2494 1047,2495 1020,2493 1016,2488 1006,2484 993,2484 981,2492 911,2490 904,2484 876,2482 869,2485 863,2479 850,2479 841,2488 792,2484 787,2477 748,2477 739,2483 730,2478 721,2477 714,2482 679,2482 671,2475 649,2474 638,2482 632,2473 606,2472 597,2481 585,2481 580,2471 557,2471 549,2480 471,2472 463,2468"/>
        <Word id="region0006_line0001_word0000" custom="readingOrder {index:0;}">
          <Coords points="531,2545 533,2495 419,2492 417,2541 419,2542 423,2545 443,2544 447,2547 463,2544"/>
          <TextEquiv conf="0.9618832">
            <Unicode>Der</Unicode>
          </TextEquiv>
        </Word>
        <Word id="region0006_line0001_word0001" custom="readingOrder {index:1;}">
          <Coords points="698,2553 700,2499 552,2495 550,2557 553,2560 564,2559 570,2549 606,2551 614,2561 624,2562 634,2552 639,2560 651,2561 658,2553"/>
          <TextEquiv conf="0.8533737">
            <Unicode>ſechſte</Unicode>
          </TextEquiv>
        </Word>
        <Word id="region0006_line0001_word0002" custom="readingOrder {index:2;}">
          <Coords points="957,2560 959,2504 716,2497 714,2553 721,2553 734,2557 738,2554 757,2554 761,2560 771,2563 788,2554"/>
          <TextEquiv>
            <Unicode>Uhr ⸗ aͤlter</Unicode>
          </TextEquiv>
        </Word>
        <Word id="region0006_line0001_word0003" custom="readingOrder {index:3;}">
          <Coords points="1102,2565 1104,2510 976,2506 974,2560 980,2561 989,2570 1005,2572 1013,2562 1058,2563"/>
          <TextEquiv conf="0.9636173">
            <Unicode>Herr</Unicode>
          </TextEquiv>
        </Word>
        <Word id="region0006_line0001_word0004" custom="readingOrder {index:4;}">
          <Coords points="1297,2579 1299,2515 1119,2510 1117,2566 1270,2575 1277,2587 1290,2589 1296,2584"/>
          <TextEquiv conf="0.6438496">
            <Unicode>Vater,</Unicode>
          </TextEquiv>
        </Word>
        <Word id="region0006_line0001_word0005" custom="readingOrder {index:5;}">
          <Coords points="1444,2580 1446,2518 1320,2515 1318,2577 1325,2578 1330,2582 1345,2583 1352,2579 1405,2578"/>
          <TextEquiv conf="0.9154707">
            <Unicode>Herr</Unicode>
          </TextEquiv>
        </Word>
        <Word id="region0006_line0001_word0006" custom="readingOrder {index:6;}">
          <Coords points="1556,2512 1464,2510 1461,2581 1558,2588 1698,2593 1697,2605 1701,2609 1726,2609 1735,2596 1889,2600 1891,2529 1556,2518"/>
          <TextEquiv>
            <Unicode>Hieronymus</Unicode>
          </TextEquiv>
        </Word>
        <TextEquiv>
          <Unicode>Der ſechſte Uhr ⸗ aͤlter Herr Vater, Herr Hieronymus</Unicode>
        </TextEquiv>
      </TextLine>
      <TextLine id="region0006_line0002" custom="readingOrder {index:1;}">
        <Coords points="380,2543 368,2545 360,2549 306,2559 268,2559 260,2553 243,2554 239,2557 237,2623 295,2628 332,2639 357,2641 364,2646 377,2647 381,2647 388,2642 404,2647 436,2648 448,2643 498,2641 564,2643 570,2649 580,2649 587,2644 698,2643 706,2654 718,2653 724,2644 958,2651 1053,2656 1202,2658 1204,2670 1222,2670 1228,2659 1278,2661 1285,2668 1295,2669 1303,2667 1308,2661 1398,2664 1403,2659 1404,2610 1399,2605 1243,2595 1241,2586 1233,2581 1219,2582 1207,2593 1156,2590 1148,2582 1135,2582 1123,2586 1107,2580 1080,2581 1063,2577 1031,2576 1027,2579 1012,2579 976,2575 969,2581 920,2582 837,2571 824,2560 809,2560 802,2566 791,2558 784,2558 771,2564 755,2559 747,2566 713,2564 704,2570 688,2572 630,2576 592,2567 544,2562 542,2553 533,2547 517,2549 503,2554 498,2560 454,2554 445,2550 420,2551 413,2546 397,2548 390,2543"/>
        <Word id="region0006_line0002_word0000" custom="readingOrder {index:0;}">
          <Coords points="269,2625 339,2628 341,2573 245,2570 243,2623"/>
          <TextEquiv conf="0.9553802">
            <Unicode>von</Unicode>
          </TextEquiv>
        </Word>
        <Word id="region0006_line0002_word0001" custom="readingOrder {index:1;}">
          <Coords points="565,2564 363,2559 361,2643 364,2646 377,2647 381,2647 388,2642 404,2647 436,2648 448,2643 498,2641 564,2643 570,2649 580,2649 587,2644 593,2643 594,2567 592,2567"/>
          <TextEquiv>
            <Unicode>Hacke,</Unicode>
          </TextEquiv>
        </Word>
        <Word id="region0006_line0002_word0002" custom="readingOrder {index:2;}">
          <Coords points="728,2644 730,2582 639,2579 637,2643 698,2643 706,2654 718,2653 724,2644"/>
          <TextEquiv conf="0.96133095">
            <Unicode>auf</Unicode>
          </TextEquiv>
        </Word>
        <Word id="region0006_line0002_word0003" custom="readingOrder {index:3;}">
          <Coords points="742,2574 884,2578 882,2648 740,2644"/>
          <TextEquiv conf="0.95985204">
            <Unicode>Ohr</Unicode>
          </TextEquiv>
        </Word>
        <Word id="region0006_line0002_word0004" custom="readingOrder {index:4;}">
          <Coords points="909,2588 1005,2591 1003,2652 907,2649"/>
          <TextEquiv conf="0.9325262">
            <Unicode>und</Unicode>
          </TextEquiv>
        </Word>
        <Word id="region0006_line0002_word0005" custom="readingOrder {index:5;}">
          <Coords points="1195,2592 1024,2588 1022,2654 1053,2656 1202,2658 1204,2669 1223,2669 1228,2659 1278,2661 1285,2668 1295,2669 1299,2668 1302,2599 1243,2595 1243,2594 1207,2593 1207,2593"/>
          <TextEquiv conf="0.9206655">
            <Unicode>Diederſen.</Unicode>
          </TextEquiv>
        </Word>
        <TextEquiv>
          <Unicode>von Hacke, auf Ohr und Diederſen.</Unicode>
        </TextEquiv>
      </TextLine>
      <TextEquiv>
        <Unicode>Der ſechſte Uhr ⸗ aͤlter Herr Vater, Herr Hieronymus&#13;
von Hacke, auf Ohr und Diederſen.</Unicode>
      </TextEquiv>
    </TextRegion>
    <TextRegion orientation="-1.5630783" readingDirection="left-to-right" id="TextRegion_1645603667833_91" custom="readingOrder {index:6;}">
      <Coords points="249,1904 1909,1951 1899,2274 238,2274"/>
      <TextLine id="region0005_line0001" custom="readingOrder {index:0;}">
        <Coords points="1487,1940 1483,1945 1435,1953 1389,1949 1384,1943 1364,1942 1352,1948 1310,1947 1278,1950 1251,1950 1245,1943 1234,1943 1230,1946 1188,1942 1179,1937 1163,1939 1141,1937 1135,1940 1078,1944 1034,1942 1024,1933 1010,1933 998,1941 946,1941 910,1940 905,1934 886,1937 877,1930 867,1930 858,1938 811,1934 804,1927 792,1927 779,1932 754,1932 741,1929 737,1931 722,1932 682,1930 676,1926 644,1925 637,1931 606,1930 603,1922 597,1918 584,1917 579,1921 558,1921 549,1928 452,1918 311,1914 304,1915 299,1920 297,1972 302,1977 342,1978 351,1986 417,1993 421,1996 437,1993 447,1998 463,1998 469,1994 544,1998 546,2005 550,2009 562,2009 569,2000 633,2003 642,2015 666,2015 674,2004 778,2008 782,2018 795,2019 806,2008 996,2012 1004,2022 1017,2023 1024,2020 1029,2013 1176,2018 1273,2017 1296,2018 1300,2033 1312,2033 1322,2028 1325,2019 1348,2019 1360,2031 1371,2031 1382,2021 1408,2022 1464,2034 1480,2035 1489,2041 1525,2040 1534,2046 1549,2047 1562,2040 1721,2037 1730,2039 1737,2048 1764,2054 1777,2049 1784,2038 1905,2035 1907,1974 1825,1968 1816,1964 1797,1965 1707,1960 1705,1946 1683,1945 1678,1959 1618,1955 1576,1947 1571,1942 1562,1942 1556,1946 1548,1946 1546,1942"/>
        <Word id="region0005_line0001_word0000" custom="readingOrder {index:0;}">
          <Coords points="531,1997 533,1944 419,1941 418,1993 421,1996 437,1993 447,1998 463,1998 469,1994"/>
          <TextEquiv conf="0.9324081">
            <Unicode>Der</Unicode>
          </TextEquiv>
        </Word>
        <Word id="region0005_line0001_word0001" custom="readingOrder {index:1;}">
          <Coords points="716,2005 718,1944 549,1939 547,2006 550,2009 562,2009 569,2000 633,2003 642,2015 666,2015 674,2004"/>
          <TextEquiv>
            <Unicode>fuͤnffte</Unicode>
          </TextEquiv>
        </Word>
        <Word id="region0005_line0001_word0002" custom="readingOrder {index:2;}">
          <Coords points="971,2011 973,1953 736,1946 734,2006 778,2008 782,2018 795,2019 806,2008"/>
          <TextEquiv>
            <Unicode>Uhr ⸗ aͤlter</Unicode>
          </TextEquiv>
        </Word>
        <Word id="region0005_line0001_word0003" custom="readingOrder {index:3;}">
          <Coords points="1117,2016 1119,1958 992,1954 990,2011 996,2012 1004,2022 1017,2023 1024,2020 1029,2013"/>
          <TextEquiv conf="0.9159568">
            <Unicode>Herr</Unicode>
          </TextEquiv>
        </Word>
        <Word id="region0005_line0001_word0004" custom="readingOrder {index:4;}">
          <Coords points="1326,2019 1327,1963 1134,1957 1132,2017 1176,2018 1273,2017 1296,2018 1300,2033 1312,2033 1322,2028 1325,2019"/>
          <TextEquiv conf="0.90409994">
            <Unicode>Vater,</Unicode>
          </TextEquiv>
        </Word>
        <Word id="region0005_line0001_word0005" custom="readingOrder {index:5;}">
          <Coords points="1470,2034 1472,1966 1344,1962 1342,2019 1348,2019 1360,2031 1371,2031 1382,2021 1408,2022 1464,2034"/>
          <TextEquiv conf="0.9641555">
            <Unicode>Herr</Unicode>
          </TextEquiv>
        </Word>
        <Word id="region0005_line0001_word0006" custom="readingOrder {index:6;}">
          <Coords points="1610,1953 1481,1950 1479,2035 1480,2035 1489,2041 1525,2040 1534,2046 1549,2047 1562,2040 1721,2037 1730,2039 1737,2048 1764,2054 1776,2049 1779,1964 1707,1960 1706,1956 1679,1955 1678,1959 1618,1955"/>
          <TextEquiv>
            <Unicode>Henning</Unicode>
          </TextEquiv>
        </Word>
        <Word id="region0005_line0001_word0007" custom="readingOrder {index:7;}">
          <Coords points="1892,2030 1894,1976 1803,1981 1801,2037 1814,2037"/>
          <TextEquiv>
            <Unicode>von</Unicode>
          </TextEquiv>
        </Word>
        <TextEquiv>
          <Unicode>Der fuͤnffte Uhr ⸗ aͤlter Herr Vater, Herr Henning von</Unicode>
        </TextEquiv>
      </TextLine>
      <TextLine id="region0005_line0002" custom="readingOrder {index:1;}">
        <Coords points="281,1990 277,1993 247,1992 244,2090 247,2092 282,2090 285,2094 303,2093 309,2098 319,2098 329,2088 402,2087 423,2099 428,2095 430,2088 442,2091 447,2088 515,2089 525,2093 550,2089 556,2098 568,2098 575,2090 618,2089 684,2091 692,2102 704,2102 710,2092 753,2094 764,2095 770,2103 778,2107 800,2105 808,2096 867,2098 878,2106 891,2107 900,2099 976,2100 979,2109 984,2112 1001,2107 1003,2101 1050,2103 1066,2101 1196,2106 1203,2115 1213,2117 1224,2114 1229,2107 1327,2110 1333,2105 1350,2110 1369,2110 1376,2119 1388,2118 1395,2110 1408,2109 1540,2115 1556,2129 1574,2127 1585,2118 1628,2118 1810,2128 1819,2137 1842,2138 1850,2132 1902,2134 1905,2053 1857,2053 1843,2050 1827,2050 1819,2054 1804,2051 1799,2054 1782,2055 1776,2050 1757,2054 1734,2047 1719,2054 1641,2056 1636,2046 1624,2045 1617,2050 1615,2056 1575,2055 1490,2048 1489,2042 1480,2036 1463,2036 1454,2045 1431,2043 1421,2033 1411,2033 1402,2041 1398,2041 1391,2031 1377,2031 1362,2038 1356,2037 1351,2033 1338,2035 1320,2030 1298,2036 1230,2039 1041,2036 1033,2028 1022,2027 1015,2035 992,2035 907,2030 897,2021 882,2019 869,2029 816,2025 808,2029 775,2031 755,2027 735,2028 738,2023 736,2010 722,2007 715,2015 696,2016 688,2027 626,2027 589,2016 549,2013 538,2007 530,2007 523,2012 507,2011 506,2003 501,1999 485,2001 475,2010 456,2010 446,2000 435,1996 419,1997 407,2007 399,2006"/>
        <Word id="region0005_line0002_word0000" custom="readingOrder {index:0;}">
          <Coords points="456,2010 251,2004 249,2092 282,2090 285,2094 303,2093 307,2097 320,2097 329,2088 402,2087 423,2099 428,2095 430,2088 442,2091 447,2088 515,2089 525,2093 550,2089 556,2098 568,2098 575,2090 579,2090 581,2015 549,2013 547,2012 524,2011 523,2012 507,2011 507,2011 471,2010 456,2010"/>
          <TextEquiv>
            <Unicode>Arnſtedt,</Unicode>
          </TextEquiv>
        </Word>
        <Word id="region0005_line0002_word0001" custom="readingOrder {index:1;}">
          <Coords points="737,2017 700,2016 696,2016 688,2027 626,2027 626,2027 624,2089 684,2091 688,2097 707,2097 710,2092 753,2094 764,2095 767,2099 804,2100 808,2096 835,2097 837,2027 816,2025 808,2029 775,2031 755,2027 735,2028 738,2023"/>
          <TextEquiv conf="0.9623968">
            <Unicode>anfangs</Unicode>
          </TextEquiv>
        </Word>
        <Word id="region0005_line0002_word0002" custom="readingOrder {index:2;}">
          <Coords points="915,2030 862,2029 860,2097 867,2098 874,2103 894,2103 900,2099 976,2100 978,2106 1001,2106 1003,2101 1050,2103 1066,2101 1178,2105 1179,2038 1041,2036 1039,2034 1016,2033 1015,2035 992,2035"/>
          <TextEquiv conf="0.9619553">
            <Unicode>Hauptmann</Unicode>
          </TextEquiv>
        </Word>
        <Word id="region0005_line0002_word0003" custom="readingOrder {index:3;}">
          <Coords points="1260,2107 1262,2052 1205,2050 1203,2112 1224,2112 1229,2107"/>
          <TextEquiv conf="0.967771">
            <Unicode>zu</Unicode>
          </TextEquiv>
        </Word>
        <Word id="region0005_line0002_word0004" custom="readingOrder {index:4;}">
          <Coords points="1490,2047 1291,2042 1289,2109 1327,2110 1333,2105 1350,2110 1369,2110 1376,2118 1381,2119 1388,2118 1395,2110 1408,2109 1540,2115 1549,2123 1578,2124 1580,2122 1582,2055 1575,2055 1490,2048"/>
          <TextEquiv>
            <Unicode>Schoͤnburg</Unicode>
          </TextEquiv>
        </Word>
        <Word id="region0005_line0002_word0005" custom="readingOrder {index:5;}">
          <Coords points="1641,2055 1617,2055 1615,2112 1679,2113 1681,2056 1656,2056 1641,2056"/>
          <TextEquiv conf="0.9325588">
            <Unicode>im</Unicode>
          </TextEquiv>
        </Word>
        <Word id="region0005_line0002_word0006" custom="readingOrder {index:6;}">
          <Coords points="1811,2129 1898,2131 1900,2059 1714,2055 1712,2122 1810,2128"/>
          <TextEquiv>
            <Unicode>Stiffte</Unicode>
          </TextEquiv>
        </Word>
        <TextEquiv>
          <Unicode>Arnſtedt, anfangs Hauptmann zu Schoͤnburg im Stiffte</Unicode>
        </TextEquiv>
      </TextLine>
      <TextLine id="region0005_line0003" custom="readingOrder {index:2;}">
        <Coords points="1173,2108 1161,2115 1157,2125 1149,2126 1107,2124 1101,2111 1073,2112 1064,2121 1057,2121 1018,2118 1007,2109 1000,2108 982,2113 979,2117 968,2117 964,2109 952,2107 945,2117 939,2113 925,2112 913,2119 872,2120 864,2119 862,2112 855,2106 844,2105 836,2109 833,2120 772,2117 770,2108 764,2103 738,2103 732,2107 730,2115 610,2108 601,2096 574,2096 567,2107 520,2107 420,2104 417,2098 403,2090 384,2095 380,2103 360,2102 356,2099 341,2102 309,2099 303,2094 285,2095 282,2092 251,2091 244,2094 242,2160 331,2164 340,2174 356,2174 367,2164 468,2167 482,2179 496,2179 507,2175 513,2181 526,2180 532,2171 572,2172 581,2181 593,2182 604,2172 610,2172 620,2164 626,2166 633,2173 738,2177 741,2183 750,2186 763,2182 767,2176 836,2177 842,2182 850,2183 856,2176 870,2177 875,2182 882,2183 888,2179 893,2182 905,2182 909,2179 926,2182 945,2179 977,2183 984,2191 1005,2193 1011,2183 1023,2181 1041,2187 1074,2187 1084,2198 1096,2196 1102,2189 1126,2188 1135,2197 1146,2197 1151,2190 1198,2191 1250,2195 1261,2206 1280,2203 1291,2196 1470,2200 1540,2208 1643,2210 1651,2222 1666,2219 1672,2210 1900,2211 1902,2152 1895,2151 1808,2146 1799,2140 1781,2141 1776,2136 1763,2136 1749,2144 1726,2144 1719,2136 1705,2138 1699,2133 1688,2134 1676,2144 1624,2139 1615,2131 1596,2129 1580,2130 1568,2136 1513,2137 1424,2126 1406,2119 1388,2119 1375,2125 1296,2130 1265,2129 1263,2121 1256,2117 1244,2117 1235,2127 1229,2117 1223,2115 1205,2117 1200,2126 1189,2126 1188,2114 1182,2109"/>
        <Word id="region0005_line0003_word0000" custom="readingOrder {index:0;}">
          <Coords points="531,2172 533,2109 251,2101 249,2160 331,2164 339,2173 354,2174 356,2174 367,2164 468,2167 480,2177 498,2178 507,2175 510,2178 526,2178"/>
          <TextEquiv conf="0.8988002">
            <Unicode>Razeburg,</Unicode>
          </TextEquiv>
        </Word>
        <Word id="region0005_line0003_word0001" custom="readingOrder {index:1;}">
          <Coords points="646,2110 577,2108 575,2175 579,2179 595,2179 604,2172 610,2172 620,2164 626,2166 633,2173 738,2177 741,2183 744,2184 754,2184 763,2182 767,2176 772,2176 773,2117 772,2117 771,2113 730,2112 730,2115"/>
          <TextEquiv conf="0.92723656">
            <Unicode>hernach</Unicode>
          </TextEquiv>
        </Word>
        <Word id="region0005_line0003_word0002" custom="readingOrder {index:2;}">
          <Coords points="864,2118 834,2117 833,2120 816,2119 814,2177 836,2177 838,2179 853,2179 856,2176 870,2177 873,2180 886,2180 888,2179 890,2180 907,2181 909,2179 920,2181 931,2181 945,2179 957,2181 959,2121 899,2119 872,2120 864,2119"/>
          <TextEquiv conf="0.93069506">
            <Unicode>eines</Unicode>
          </TextEquiv>
        </Word>
        <Word id="region0005_line0003_word0003" custom="readingOrder {index:3;}">
          <Coords points="1016,2117 979,2116 979,2117 974,2117 973,2182 977,2183 984,2191 1005,2193 1011,2183 1023,2181 1041,2187 1074,2187 1083,2196 1089,2197 1096,2196 1102,2189 1126,2188 1135,2197 1146,2197 1151,2190 1198,2191 1250,2195 1256,2201 1281,2202 1291,2196 1345,2197 1347,2126 1296,2130 1265,2129 1263,2123 1238,2123 1235,2127 1232,2122 1202,2122 1200,2126 1189,2126 1188,2121 1158,2120 1157,2125 1149,2126 1107,2124 1104,2119 1066,2118 1064,2121 1057,2121 1018,2118"/>
          <TextEquiv conf="0.80654716">
            <Unicode>Hochwuͤrdigen</Unicode>
          </TextEquiv>
        </Word>
        <Word id="word_1643034043531_602" custom="readingOrder {index:4;}">
          <Coords points="1373,2130 1481,2133 1752,2142 1805,2144 1803,2211 1669,2214 1645,2213 1564,2208 1372,2193"/>
          <TextEquiv>
            <Unicode>Dom ⸗ Capituls</Unicode>
          </TextEquiv>
        </Word>
        <Word id="word_1643034694627_828" custom="readingOrder {index:5;}">
          <Coords points="1822,2153 1905,2153 1905,2207 1822,2207"/>
          <TextEquiv>
            <Unicode>zu</Unicode>
          </TextEquiv>
        </Word>
        <TextEquiv>
          <Unicode>Razeburg, hernach eines Hochwuͤrdigen Dom ⸗ Capituls zu</Unicode>
        </TextEquiv>
      </TextLine>
      <TextLine id="region0005_line0004" custom="readingOrder {index:3;}">
        <Coords points="856,2177 852,2183 839,2183 831,2191 789,2192 777,2192 772,2185 762,2183 752,2187 742,2184 735,2191 726,2183 713,2183 687,2183 676,2187 670,2183 658,2182 643,2189 602,2190 594,2187 585,2186 581,2189 474,2184 471,2174 465,2170 452,2170 447,2175 438,2176 433,2183 412,2183 404,2173 387,2174 379,2182 317,2173 301,2174 291,2169 242,2171 240,2245 348,2247 355,2254 373,2257 389,2248 473,2246 522,2250 535,2259 548,2260 562,2251 653,2252 744,2257 749,2266 760,2267 770,2258 884,2260 932,2262 936,2271 948,2273 960,2263 976,2264 983,2256 990,2257 999,2264 1015,2264 1022,2255 1027,2256 1039,2271 1048,2271 1056,2264 1095,2265 1103,2262 1136,2265 1141,2261 1142,2217 1139,2213 1128,2209 1131,2205 1132,2195 1126,2189 1115,2190 1107,2198 1107,2206 1101,2207 1084,2204 1083,2198 1074,2188 1062,2189 1060,2202 1032,2202 1032,2187 1023,2182 1010,2185 1008,2193 1011,2199 1007,2200 1005,2194 995,2192 977,2194 970,2184 961,2184 954,2190 950,2182 937,2180 924,2183 922,2194 916,2189 905,2189 899,2193 893,2189 877,2187 870,2178"/>
        <Word id="region0005_line0004_word0000" custom="readingOrder {index:0;}">
          <Coords points="359,2179 250,2176 248,2245 348,2247 353,2252 380,2252 389,2248 473,2246 522,2250 532,2257 551,2257 559,2252 560,2188 474,2184 473,2182 434,2181 433,2183 412,2183 410,2180 381,2179 379,2182"/>
          <TextEquiv conf="0.96422666">
            <Unicode>Magdeburg</Unicode>
          </TextEquiv>
        </Word>
        <Word id="region0005_line0004_word0001" custom="readingOrder {index:1;}">
          <Coords points="824,2258 825,2198 580,2191 579,2251 653,2252 744,2257 747,2262 764,2263 770,2258"/>
          <TextEquiv conf="0.8653411">
            <Unicode>weltlicher</Unicode>
          </TextEquiv>
        </Word>
        <Word id="region0005_line0004_word0002" custom="readingOrder {index:2;}">
          <Coords points="876,2186 839,2185 837,2259 884,2260 932,2262 935,2268 952,2269 960,2263 976,2264 983,2256 990,2257 999,2264 1015,2264 1022,2255 1027,2256 1039,2271 1048,2271 1056,2264 1073,2264 1076,2192 1061,2191 1060,2202 1032,2202 1032,2190 1008,2190 1008,2193 1011,2199 1007,2200 1005,2194 995,2192 977,2194 973,2188 955,2188 954,2190 953,2188 923,2187 922,2194 916,2189 905,2189 899,2193 893,2189 877,2187"/>
          <TextEquiv>
            <Unicode>Richter.</Unicode>
          </TextEquiv>
        </Word>
        <TextEquiv>
          <Unicode>Magdeburg weltlicher Richter.</Unicode>
        </TextEquiv>
      </TextLine>
      <TextEquiv>
        <Unicode>Der fuͤnffte Uhr ⸗ aͤlter Herr Vater, Herr Henning von&#13;
Arnſtedt, anfangs Hauptmann zu Schoͤnburg im Stiffte&#13;
Razeburg, hernach eines Hochwuͤrdigen Dom ⸗ Capituls zu&#13;
Magdeburg weltlicher Richter.</Unicode>
      </TextEquiv>
    </TextRegion>
    <TextRegion orientation="-1.5630783" readingDirection="left-to-right" id="TextRegion_1645603667833_90" custom="readingOrder {index:7;}">
      <Coords points="238,2274 1899,2274 1893,2501 233,2454"/>
      <TextLine id="region0005_line0005" custom="readingOrder {index:0;}">
        <Coords points="1103,2263 1094,2266 1089,2273 1089,2287 1097,2297 1055,2294 1037,2286 1024,2285 1013,2293 952,2295 943,2295 938,2291 926,2292 921,2288 909,2287 903,2291 896,2284 884,2284 874,2294 812,2287 796,2279 762,2280 757,2283 738,2280 733,2283 711,2283 642,2276 633,2283 603,2284 594,2271 580,2270 575,2274 553,2273 544,2281 507,2276 502,2272 369,2269 330,2271 314,2272 309,2277 308,2329 312,2334 357,2335 368,2340 413,2344 422,2349 432,2349 437,2345 447,2350 471,2346 490,2350 540,2350 542,2358 547,2362 559,2362 564,2352 629,2357 638,2368 663,2369 670,2359 721,2360 774,2363 779,2372 793,2373 803,2362 860,2362 904,2367 923,2366 1013,2371 1024,2378 1042,2379 1054,2372 1103,2371 1286,2379 1350,2386 1361,2396 1372,2396 1380,2389 1429,2391 1446,2395 1462,2389 1502,2388 1522,2392 1537,2401 1551,2406 1615,2411 1661,2410 1728,2402 1895,2408 1897,2328 1854,2328 1849,2324 1839,2324 1833,2328 1787,2325 1718,2315 1707,2307 1684,2309 1610,2302 1562,2304 1519,2316 1462,2307 1452,2303 1387,2304 1340,2309 1312,2306 1306,2301 1288,2304 1284,2301 1208,2295 1204,2292 1120,2296 1125,2289 1123,2268"/>
        <Word id="region0005_line0005_word0000" custom="readingOrder {index:0;}">
          <Coords points="421,2277 527,2280 525,2343 419,2340"/>
          <TextEquiv conf="0.9330042">
            <Unicode>Die</Unicode>
          </TextEquiv>
        </Word>
        <Word id="region0005_line0005_word0001" custom="readingOrder {index:1;}">
          <Coords points="598,2277 551,2275 544,2281 544,2281 542,2354 563,2355 564,2352 620,2356 712,2359 714,2283 711,2283 668,2279 640,2278 633,2283 603,2284"/>
          <TextEquiv>
            <Unicode>fuͤnffte</Unicode>
          </TextEquiv>
        </Word>
        <Word id="region0005_line0005_word0002" custom="readingOrder {index:2;}">
          <Coords points="747,2281 736,2281 733,2283 732,2283 730,2358 860,2362 860,2362 860,2362 989,2366 991,2294 952,2295 943,2295 938,2291 926,2292 921,2288 909,2287 903,2291 898,2286 882,2286 874,2294 812,2287 804,2283 759,2282 757,2283"/>
          <TextEquiv>
            <Unicode>Uhr ⸗ aͤlter</Unicode>
          </TextEquiv>
        </Word>
        <Word id="word_1645603667896_93" custom="readingOrder {index:4;}">
          <Coords points="1024,2285 1037,2286 1055,2294 1097,2297 1089,2287 1089,2274 1123,2274 1125,2289 1120,2296 1142,2294 1140,2369 1013,2365 1015,2291"/>
          <TextEquiv conf="0.9664698">
            <Unicode>Frau</Unicode>
          </TextEquiv>
        </Word>
        <Word id="region0005_line0005_word0004" custom="readingOrder {index:5;}">
          <Coords points="1232,2296 1160,2295 1158,2372 1380,2378 1381,2304 1340,2309 1312,2306 1306,2301 1288,2304 1284,2301"/>
          <TextEquiv conf="0.95288545">
            <Unicode>Mutter,</Unicode>
          </TextEquiv>
        </Word>
        <Word id="region0005_line0005_word0005" custom="readingOrder {index:6;}">
          <Coords points="1425,2303 1424,2374 1550,2378 1551,2306 1519,2316 1462,2307 1452,2303"/>
          <TextEquiv conf="0.9325368">
            <Unicode>Frau</Unicode>
          </TextEquiv>
        </Word>
        <Word id="region0005_line0005_word0006" custom="readingOrder {index:7;}">
          <Coords points="1577,2303 1575,2388 1899,2399 1901,2332 1854,2328 1849,2324 1839,2324 1833,2328 1787,2325 1718,2315 1707,2307 1684,2309 1610,2302"/>
          <TextEquiv>
            <Unicode>Erdmuth</Unicode>
          </TextEquiv>
        </Word>
        <TextEquiv>
          <Unicode>Die fuͤnffte Uhr ⸗ aͤlter Frau Mutter, Frau Erdmuth</Unicode>
        </TextEquiv>
      </TextLine>
      <TextLine id="region0005_line0006" custom="readingOrder {index:1;}">
        <Coords points="488,2351 482,2357 478,2354 401,2349 356,2350 339,2353 323,2364 311,2367 274,2367 268,2362 254,2361 248,2366 237,2366 235,2431 304,2436 333,2449 359,2452 364,2457 389,2453 399,2457 421,2455 427,2459 451,2460 457,2454 528,2446 581,2450 616,2449 621,2453 635,2450 717,2452 727,2439 728,2387 723,2382 611,2370 598,2372 542,2367 536,2366 528,2354 517,2354 508,2360 500,2351"/>
        <Word id="region0005_line0006_word0000" custom="readingOrder {index:0;}">
          <Coords points="327,2446 346,2447 348,2391 249,2388 247,2431 304,2436"/>
          <TextEquiv conf="0.9322937">
            <Unicode>von</Unicode>
          </TextEquiv>
        </Word>
        <Word id="region0005_line0006_word0001" custom="readingOrder {index:1;}">
          <Coords points="636,2450 638,2383 367,2376 365,2456 389,2453 399,2457 421,2455 427,2459 451,2460 457,2454 528,2446 581,2450 616,2449 621,2453 635,2450"/>
          <TextEquiv>
            <Unicode>Floͤden.</Unicode>
          </TextEquiv>
        </Word>
        <TextEquiv>
          <Unicode>von Floͤden.</Unicode>
        </TextEquiv>
      </TextLine>
      <TextEquiv>
        <Unicode>Die fuͤnffte Uhr ⸗ aͤlter Frau Mutter, Frau Erdmuth&#13;
von Floͤden.</Unicode>
      </TextEquiv>
    </TextRegion>
    <TextRegion orientation="-1.5630783" readingDirection="left-to-right" id="region0007" custom="readingOrder {index:8;}">
      <Coords points="241,2657 1896,2704 1891,2884 236,2837"/>
      <TextLine id="region0007_line0001" custom="readingOrder {index:0;}">
        <Coords points="426,2663 322,2661 317,2666 316,2698 321,2703 361,2705 362,2724 379,2730 446,2738 535,2739 539,2741 540,2747 546,2751 557,2748 563,2742 589,2744 601,2745 609,2755 620,2756 628,2747 638,2757 648,2756 654,2749 752,2751 759,2761 770,2763 782,2752 859,2752 970,2759 976,2766 987,2770 1002,2769 1015,2760 1108,2762 1113,2765 1141,2766 1152,2763 1181,2764 1193,2767 1198,2764 1265,2766 1299,2770 1301,2780 1307,2785 1318,2785 1325,2774 1342,2774 1354,2783 1370,2783 1382,2775 1417,2776 1435,2780 1453,2790 1474,2795 1562,2799 1607,2793 1641,2791 1647,2801 1658,2806 1680,2805 1691,2793 1812,2797 1820,2806 1834,2806 1842,2798 1892,2799 1894,2718 1849,2717 1847,2709 1838,2704 1825,2703 1812,2713 1799,2712 1793,2716 1691,2715 1571,2701 1565,2695 1519,2694 1515,2698 1512,2694 1490,2693 1480,2699 1420,2705 1381,2700 1364,2692 1354,2692 1342,2699 1265,2700 1257,2694 1246,2694 1237,2697 1234,2694 1155,2689 1149,2685 1135,2685 1129,2689 1046,2692 1016,2689 992,2680 978,2680 969,2688 906,2687 885,2679 872,2678 866,2681 859,2675 846,2675 837,2686 829,2685 788,2681 782,2674 753,2676 740,2674 732,2679 725,2673 715,2673 709,2678 671,2677 665,2672 643,2670 632,2677 624,2669 608,2668 596,2670 592,2677 580,2676 575,2667 550,2667 543,2674 510,2672 507,2666 488,2665 486,2669 468,2664"/>
        <Word id="region0007_line0001_word0000" custom="readingOrder {index:0;}">
          <Coords points="525,2738 526,2695 420,2692 419,2734 446,2738"/>
          <TextEquiv conf="0.966035">
            <Unicode>Die</Unicode>
          </TextEquiv>
        </Word>
        <Word id="region0007_line0001_word0001" custom="readingOrder {index:1;}">
          <Coords points="689,2749 691,2698 544,2694 542,2748 546,2751 557,2748 563,2742 589,2744 601,2745 609,2755 620,2756 628,2747 638,2757 648,2756 654,2749"/>
          <TextEquiv conf="0.9216435">
            <Unicode>ſechſte</Unicode>
          </TextEquiv>
        </Word>
        <Word id="region0007_line0001_word0002" custom="readingOrder {index:2;}">
          <Coords points="952,2757 954,2706 710,2699 708,2750 752,2751 759,2761 770,2763 782,2752 859,2752"/>
          <TextEquiv>
            <Unicode>Uhr ⸗ aͤlter</Unicode>
          </TextEquiv>
        </Word>
        <Word id="region0007_line0001_word0003" custom="readingOrder {index:3;}">
          <Coords points="1024,2689 996,2689 993,2769 1002,2769 1015,2760 1098,2761 1101,2692 1070,2691 1046,2692"/>
          <TextEquiv conf="0.9279346">
            <Unicode>Frau</Unicode>
          </TextEquiv>
        </Word>
        <Word id="region0007_line0001_word0004" custom="readingOrder {index:4;}">
          <Coords points="1235,2695 1131,2693 1128,2765 1141,2766 1152,2763 1181,2764 1193,2767 1198,2764 1265,2766 1299,2770 1301,2780 1307,2785 1318,2785 1323,2776 1324,2699 1265,2700 1260,2696 1240,2695 1237,2697"/>
          <TextEquiv conf="0.9279346">
            <Unicode>Mutter,</Unicode>
          </TextEquiv>
        </Word>
        <Word id="region0007_line0001_word0005" custom="readingOrder {index:5;}">
          <Coords points="1455,2790 1469,2791 1471,2717 1344,2713 1342,2774 1354,2783 1370,2783 1382,2775 1417,2776 1435,2780 1453,2790"/>
          <TextEquiv conf="0.93247354">
            <Unicode>Frau</Unicode>
          </TextEquiv>
        </Word>
        <Word id="region0007_line0001_word0006" custom="readingOrder {index:6;}">
          <Coords points="1687,2714 1482,2709 1480,2795 1562,2799 1607,2793 1641,2791 1647,2801 1657,2805 1660,2805 1680,2805 1691,2793 1812,2797 1820,2806 1834,2806 1842,2798 1879,2794 1881,2715 1710,2715 1691,2715"/>
          <TextEquiv>
            <Unicode>Margaretha</Unicode>
          </TextEquiv>
        </Word>
        <TextEquiv>
          <Unicode>Die ſechſte Uhr ⸗ aͤlter Frau Mutter, Frau Margaretha</Unicode>
        </TextEquiv>
      </TextLine>
      <TextLine id="region0007_line0002" custom="readingOrder {index:1;}">
        <Coords points="363,2734 353,2740 336,2741 298,2750 268,2750 262,2744 250,2744 244,2749 239,2749 237,2815 320,2822 346,2829 358,2839 371,2840 408,2841 420,2833 474,2834 641,2840 649,2847 657,2848 665,2841 821,2838 957,2844 962,2851 970,2854 983,2854 988,2845 1042,2849 1054,2848 1066,2849 1068,2856 1073,2860 1084,2859 1091,2849 1132,2850 1143,2858 1158,2858 1165,2851 1208,2852 1214,2863 1224,2864 1237,2852 1427,2858 1433,2852 1435,2809 1430,2804 1385,2796 1274,2787 1265,2780 1243,2783 1236,2775 1222,2775 1214,2780 1207,2775 1195,2774 1187,2781 1172,2781 1165,2776 1148,2774 1138,2780 1113,2780 1107,2780 1096,2773 1081,2772 1071,2782 1061,2783 996,2779 990,2771 978,2767 958,2778 863,2776 849,2775 843,2768 826,2767 818,2774 785,2768 779,2773 772,2774 711,2773 667,2765 586,2759 571,2744 563,2744 550,2752 542,2750 537,2756 502,2755 460,2751 422,2744 412,2739"/>
        <Word id="region0007_line0002_word0000" custom="readingOrder {index:0;}">
          <Coords points="252,2816 339,2819 340,2761 244,2758 243,2815"/>
          <TextEquiv conf="0.92747164">
            <Unicode>von</Unicode>
          </TextEquiv>
        </Word>
        <Word id="region0007_line0002_word0001" custom="readingOrder {index:1;}">
          <Coords points="453,2749 350,2747 347,2830 358,2839 371,2840 408,2841 420,2833 474,2834 641,2840 649,2847 657,2848 665,2841 671,2840 673,2766 667,2765 586,2759 580,2753 540,2752 537,2756 502,2755 460,2751"/>
          <TextEquiv>
            <Unicode>Fremken,</Unicode>
          </TextEquiv>
        </Word>
        <Word id="region0007_line0002_word0002" custom="readingOrder {index:2;}">
          <Coords points="711,2774 807,2777 806,2832 710,2829"/>
          <TextEquiv conf="0.96757245">
            <Unicode>aus</Unicode>
          </TextEquiv>
        </Word>
        <Word id="region0007_line0002_word0003" custom="readingOrder {index:3;}">
          <Coords points="826,2775 928,2778 927,2834 825,2831"/>
          <TextEquiv conf="0.9671669">
            <Unicode>dem</Unicode>
          </TextEquiv>
        </Word>
        <Word id="region0007_line0002_word0004" custom="readingOrder {index:4;}">
          <Coords points="994,2776 963,2775 958,2778 953,2778 951,2844 957,2844 959,2847 986,2848 988,2845 1042,2849 1054,2848 1066,2849 1066,2850 1090,2850 1091,2849 1111,2849 1113,2780 1107,2780 1105,2779 1075,2778 1071,2782 1061,2783 996,2779"/>
          <TextEquiv conf="0.9322946">
            <Unicode>Hauſe</Unicode>
          </TextEquiv>
        </Word>
        <Word id="region0007_line0002_word0005" custom="readingOrder {index:5;}">
          <Coords points="1171,2780 1139,2779 1138,2780 1128,2780 1126,2850 1132,2850 1134,2851 1164,2852 1165,2851 1208,2852 1209,2853 1235,2854 1237,2852 1335,2855 1337,2792 1274,2787 1269,2783 1247,2782 1243,2783 1242,2782 1187,2781 1187,2781 1172,2781"/>
          <TextEquiv conf="0.9246801">
            <Unicode>Haͤhlen.</Unicode>
          </TextEquiv>
        </Word>
        <TextEquiv>
          <Unicode>von Fremken, aus dem Hauſe Haͤhlen.</Unicode>
        </TextEquiv>
      </TextLine>
      <TextEquiv>
        <Unicode>Die ſechſte Uhr ⸗ aͤlter Frau Mutter, Frau Margaretha&#13;
von Fremken, aus dem Hauſe Haͤhlen.</Unicode>
      </TextEquiv>
    </TextRegion>
    <TextRegion orientation="-1.5630783" readingDirection="left-to-right" id="TextRegion_1645603692459_100" custom="readingOrder {index:9;}">
      <Coords points="239,2840 1901,2887 1895,3081 233,3022"/>
      <TextLine id="region0008_line0001" custom="readingOrder {index:0;}">
        <Coords points="349,2844 346,2848 309,2847 305,2850 303,2901 306,2905 364,2906 369,2916 390,2921 446,2929 555,2934 576,2944 581,2937 593,2935 689,2942 820,2944 829,2953 839,2954 848,2945 911,2944 1069,2949 1075,2957 1083,2959 1097,2958 1102,2950 1244,2954 1251,2957 1380,2957 1389,2960 1390,2971 1409,2975 1416,2960 1451,2961 1462,2971 1476,2970 1484,2962 1516,2962 1697,2971 1897,2977 1899,2910 1687,2902 1651,2897 1648,2890 1637,2882 1603,2882 1592,2886 1587,2895 1558,2898 1491,2893 1478,2885 1468,2885 1457,2891 1340,2893 1331,2887 1314,2890 1268,2881 1246,2882 1242,2879 1157,2885 1125,2884 1109,2883 1093,2873 1085,2872 1072,2882 1008,2880 978,2873 964,2873 959,2876 952,2870 941,2869 933,2876 868,2874 854,2873 846,2865 802,2872 782,2869 733,2874 728,2874 721,2866 709,2865 702,2867 696,2875 660,2874 648,2872 646,2864 640,2859 631,2859 613,2868 601,2867 583,2859 571,2858 561,2866 549,2866 453,2851 372,2849 372,2845"/>
        <Word id="region0008_line0001_word0000" custom="readingOrder {index:0;}">
          <Coords points="442,2928 533,2931 535,2864 356,2859 354,2905 364,2906 369,2916 390,2921"/>
          <TextEquiv conf="0.6632118">
            <Unicode>Der</Unicode>
          </TextEquiv>
        </Word>
        <Word id="region0008_line0001_word0001" custom="readingOrder {index:1;}">
          <Coords points="649,2872 562,2870 560,2936 574,2943 576,2943 581,2937 593,2935 689,2942 757,2943 759,2875 697,2873 696,2875 660,2874"/>
          <TextEquiv conf="0.9199014">
            <Unicode>ſiebende</Unicode>
          </TextEquiv>
        </Word>
        <Word id="word_1643034085984_606" custom="readingOrder {index:2;}">
          <Coords points="778,2875 907,2878 1048,2884 1046,2943 844,2948 824,2948 776,2943"/>
          <TextEquiv>
            <Unicode>Uhr ⸗ aͤlter</Unicode>
          </TextEquiv>
        </Word>
        <Word id="region0008_line0001_word0004" custom="readingOrder {index:3;}">
          <Coords points="1193,2952 1195,2887 1065,2884 1063,2948 1069,2949 1072,2954 1098,2954 1102,2950"/>
          <TextEquiv conf="0.9482734">
            <Unicode>Herr</Unicode>
          </TextEquiv>
        </Word>
        <Word id="region0008_line0001_word0005" custom="readingOrder {index:4;}">
          <Coords points="1419,2960 1421,2896 1220,2890 1218,2953 1244,2954 1251,2957 1380,2957 1389,2960 1389,2968 1411,2968 1416,2960"/>
          <TextEquiv conf="0.8994653">
            <Unicode>Vater,</Unicode>
          </TextEquiv>
        </Word>
        <Word id="region0008_line0001_word0006" custom="readingOrder {index:5;}">
          <Coords points="1545,2897 1449,2894 1447,2960 1451,2961 1453,2963 1481,2964 1484,2962 1516,2962 1573,2964 1575,2898 1561,2897 1558,2898"/>
          <TextEquiv conf="0.9309701">
            <Unicode>Herr</Unicode>
          </TextEquiv>
        </Word>
        <Word id="region0008_line0001_word0007" custom="readingOrder {index:6;}">
          <Coords points="1649,2893 1596,2892 1594,2958 1885,2973 1886,2915 1687,2902 1651,2897"/>
          <TextEquiv>
            <Unicode>Erasmus</Unicode>
          </TextEquiv>
        </Word>
        <TextEquiv>
          <Unicode>Der ſiebende Uhr ⸗ aͤlter Herr Vater, Herr Erasmus</Unicode>
        </TextEquiv>
      </TextLine>
      <TextLine id="region0008_line0002" custom="readingOrder {index:1;}">
        <Coords points="374,2922 361,2923 356,2927 286,2933 266,2931 258,2924 245,2924 240,2930 236,2930 234,2993 315,2999 352,3013 378,3017 384,3023 404,3024 431,3020 529,3026 559,3032 578,3048 590,3048 603,3042 611,3048 621,3049 629,3037 696,3038 704,3045 712,3045 720,3038 807,3034 826,3034 830,3043 842,3045 852,3035 991,3037 1041,3041 1055,3052 1066,3052 1077,3047 1083,3052 1094,3053 1101,3043 1153,3042 1159,3056 1171,3058 1177,3053 1180,3041 1458,3048 1462,3051 1472,3051 1476,3048 1523,3049 1602,3059 1719,3062 1886,3065 1895,3060 1897,3001 1718,2997 1666,2990 1636,2984 1622,2977 1605,2976 1595,2975 1584,2982 1545,2982 1541,2979 1527,2978 1519,2983 1500,2984 1409,2980 1408,2976 1391,2972 1374,2979 1344,2974 1338,2979 1310,2979 1260,2970 1256,2967 1236,2969 1230,2964 1220,2964 1207,2968 1173,2967 1117,2972 1111,2962 1105,2960 1088,2961 1077,2973 1058,2974 1048,2961 1035,2963 1028,2972 1005,2971 933,2960 928,2957 888,2956 839,2956 833,2959 806,2964 766,2967 729,2961 647,2957 643,2946 634,2940 614,2942 605,2955 577,2953 575,2944 556,2936 547,2950 510,2948 468,2943 442,2935 432,2928 397,2929 391,2924"/>
        <Word id="region0008_line0002_word0000" custom="readingOrder {index:0;}">
          <Coords points="321,3001 337,3002 339,2947 242,2944 240,2993 315,2999"/>
          <TextEquiv conf="0.96593577">
            <Unicode>von</Unicode>
          </TextEquiv>
        </Word>
        <Word id="region0008_line0002_word0001" custom="readingOrder {index:1;}">
          <Coords points="454,2938 356,2936 353,3013 378,3017 384,3023 404,3024 431,3020 529,3026 559,3032 564,3036 628,3038 629,3037 696,3038 698,3040 716,3040 720,3038 725,3037 727,2960 647,2957 643,2946 640,2944 612,2943 605,2955 577,2953 575,2944 571,2942 552,2941 547,2950 510,2948 468,2943"/>
          <TextEquiv conf="0.67860335">
            <Unicode>Bennigſen,</Unicode>
          </TextEquiv>
        </Word>
        <Word id="region0008_line0002_word0002" custom="readingOrder {index:2;}">
          <Coords points="766,2966 765,3030 856,3032 858,2960 830,2959 806,2964"/>
          <TextEquiv conf="0.92858267">
            <Unicode>auf</Unicode>
          </TextEquiv>
        </Word>
        <Word id="region0008_line0002_word0003" custom="readingOrder {index:3;}">
          <Coords points="936,2960 880,2959 877,3035 991,3037 1041,3041 1042,3042 1100,3043 1101,3043 1153,3042 1154,3045 1175,3046 1176,2967 1173,2967 1117,2972 1112,2965 1084,2964 1077,2973 1058,2974 1049,2963 1034,2963 1028,2972 1005,2971"/>
          <TextEquiv conf="0.9330545">
            <Unicode>Bennigſen,</Unicode>
          </TextEquiv>
        </Word>
        <Word id="region0008_line0002_word0004" custom="readingOrder {index:4;}">
          <Coords points="1262,2970 1206,2969 1205,3031 1432,3037 1432,2981 1409,2980 1408,2976 1400,2974 1386,2973 1374,2979 1344,2974 1338,2979 1310,2979"/>
          <TextEquiv conf="0.9190954">
            <Unicode>Banteln</Unicode>
          </TextEquiv>
        </Word>
        <Word id="region0008_line0002_word0005" custom="readingOrder {index:5;}">
          <Coords points="1460,2982 1460,3039 1553,3041 1554,2984 1515,2983 1500,2984"/>
          <TextEquiv conf="0.96922857">
            <Unicode>und</Unicode>
          </TextEquiv>
        </Word>
        <Word id="region0008_line0002_word0006" custom="readingOrder {index:6;}">
          <Coords points="1628,2980 1588,2979 1584,2982 1581,2982 1581,3045 1807,3051 1808,2999 1718,2997 1666,2990 1636,2984"/>
          <TextEquiv conf="0.9274597">
            <Unicode>Gronau.</Unicode>
          </TextEquiv>
        </Word>
        <TextEquiv>
          <Unicode>von Bennigſen, auf Bennigſen, Banteln und Gronau.</Unicode>
        </TextEquiv>
      </TextLine>
      <TextEquiv>
        <Unicode>Der ſiebende Uhr ⸗ aͤlter Herr Vater, Herr Erasmus&#13;
von Bennigſen, auf Bennigſen, Banteln und Gronau.</Unicode>
      </TextEquiv>
    </TextRegion>
    <TextRegion orientation="-1.5630783" readingDirection="left-to-right" id="TextRegion_1645603707119_105" custom="readingOrder {index:10;}">
      <Coords points="233,3022 1895,3081 1889,3271 230,3223 230,3162"/>
      <TextLine id="region0008_line0003" custom="readingOrder {index:0;}">
        <Coords points="442,3034 320,3035 314,3040 313,3088 319,3095 346,3095 355,3103 385,3108 548,3117 552,3118 554,3123 571,3127 575,3128 578,3122 591,3121 596,3124 619,3125 623,3128 643,3127 648,3132 668,3130 761,3140 826,3141 827,3146 834,3151 844,3151 854,3142 923,3141 1050,3146 1064,3158 1074,3158 1084,3154 1092,3148 1318,3148 1399,3154 1410,3172 1421,3172 1428,3160 1469,3161 1475,3166 1492,3168 1505,3162 1535,3161 1574,3163 1583,3178 1612,3184 1703,3185 1764,3175 1783,3178 1794,3186 1821,3183 1892,3185 1894,3101 1776,3096 1724,3084 1647,3079 1604,3083 1562,3093 1490,3077 1364,3082 1354,3081 1349,3077 1330,3079 1243,3069 1185,3070 1136,3078 1092,3075 1074,3065 1060,3066 1048,3073 1001,3074 958,3070 953,3066 943,3066 936,3069 928,3062 917,3063 909,3070 860,3066 852,3059 844,3059 826,3064 765,3064 731,3068 724,3068 718,3061 702,3061 692,3068 675,3067 648,3064 644,3057 636,3052 626,3052 616,3058 606,3058 577,3048 566,3047 555,3054 526,3050 487,3039"/>
        <Word id="region0008_line0003_word0000" custom="readingOrder {index:0;}">
          <Coords points="529,3115 531,3061 421,3058 419,3109"/>
          <TextEquiv conf="0.933027">
            <Unicode>Die</Unicode>
          </TextEquiv>
        </Word>
        <Word id="region0008_line0003_word0001" custom="readingOrder {index:1;}">
          <Coords points="739,3137 752,3138 753,3071 556,3066 554,3123 571,3127 575,3128 578,3122 591,3121 596,3124 619,3125 623,3128 643,3127 648,3132 668,3130"/>
          <TextEquiv conf="0.9269379">
            <Unicode>ſiebende</Unicode>
          </TextEquiv>
        </Word>
        <Word id="region0008_line0003_word0002" custom="readingOrder {index:2;}">
          <Coords points="1022,3144 1024,3076 784,3069 781,3140 826,3141 826,3145 849,3145 854,3142 923,3141"/>
          <TextEquiv>
            <Unicode>Uhr ⸗ aͤlter</Unicode>
          </TextEquiv>
        </Word>
        <Word id="region0008_line0003_word0003" custom="readingOrder {index:3;}">
          <Coords points="1175,3148 1177,3080 1051,3077 1049,3146 1050,3146 1057,3152 1085,3153 1092,3148"/>
          <TextEquiv conf="0.9660183">
            <Unicode>Frau</Unicode>
          </TextEquiv>
        </Word>
        <Word id="region0008_line0003_word0004" custom="readingOrder {index:4;}">
          <Coords points="1406,3166 1422,3167 1424,3087 1202,3081 1200,3148 1318,3148 1399,3154"/>
          <TextEquiv conf="0.9536732">
            <Unicode>Mutter,</Unicode>
          </TextEquiv>
        </Word>
        <Word id="region0008_line0003_word0005" custom="readingOrder {index:5;}">
          <Coords points="1537,3087 1467,3086 1465,3159 1593,3162 1595,3089 1580,3088 1562,3093"/>
          <TextEquiv conf="0.96804345">
            <Unicode>Frau</Unicode>
          </TextEquiv>
        </Word>
        <Word id="region0008_line0003_word0006" custom="readingOrder {index:6;}">
          <Coords points="1733,3086 1624,3083 1622,3172 1757,3176 1764,3175 1773,3176 1903,3170 1904,3090 1776,3096"/>
          <TextEquiv>
            <Unicode>Marga⸗</Unicode>
          </TextEquiv>
        </Word>
        <TextEquiv>
          <Unicode>Die ſiebende Uhr ⸗ aͤlter Frau Mutter, Frau Marga⸗</Unicode>
        </TextEquiv>
      </TextLine>
      <TextLine id="line_1645603707178_108" custom="readingOrder {index:1;}">
        <Coords points="340,3104 355,3106 361,3119 421,3126 441,3125 446,3129 467,3132 546,3130 553,3123 575,3131 601,3126 610,3126 616,3132 634,3130 644,3135 670,3141 680,3140 688,3136 699,3136 705,3141 706,3148 711,3149 794,3158 832,3166 893,3164 902,3156 912,3157 924,3164 931,3164 940,3155 953,3155 961,3160 963,3165 975,3166 1066,3165 1081,3155 1093,3156 1103,3166 1155,3168 1176,3165 1187,3156 1199,3157 1204,3160 1265,3156 1282,3157 1329,3168 1341,3167 1349,3173 1381,3177 1441,3181 1572,3185 1595,3188 1613,3196 1613,3241 1607,3247 1459,3247 1443,3258 1423,3256 1415,3245 1356,3243 1349,3250 1335,3249 1325,3241 1239,3237 1197,3237 1187,3247 1176,3246 1171,3236 1096,3236 1089,3243 1073,3244 1063,3235 920,3229 788,3232 777,3233 770,3238 762,3238 756,3233 722,3232 714,3237 699,3237 690,3230 684,3229 624,3224 601,3227 593,3221 525,3216 512,3213 496,3200 483,3197 400,3202 363,3201 349,3214 336,3212 332,3200 311,3201 230,3196 230,3135 231,3115 305,3116 313,3109 327,3111"/>
        <Word id="region0008_line0004_word0000" custom="readingOrder {index:0;}">
          <Coords points="369,3120 232,3116 230,3196 311,3201 332,3200 336,3212 336,3212 351,3212 363,3201 400,3202 405,3202 408,3124"/>
          <TextEquiv conf="0.9072055">
            <Unicode>retha</Unicode>
          </TextEquiv>
        </Word>
        <Word id="region0008_line0004_word0001" custom="readingOrder {index:1;}">
          <Coords points="427,3137 523,3140 521,3193 425,3190"/>
          <TextEquiv conf="0.9320164">
            <Unicode>von</Unicode>
          </TextEquiv>
        </Word>
        <Word id="region0008_line0004_word0002" custom="readingOrder {index:2;}">
          <Coords points="571,3129 546,3129 546,3130 544,3130 542,3217 783,3223 785,3157 711,3149 706,3148 705,3141 699,3136 688,3136 680,3140 670,3141 644,3135 636,3131 625,3130 616,3132 614,3130 580,3129 575,3131"/>
          <TextEquiv>
            <Unicode>Welze,</Unicode>
          </TextEquiv>
        </Word>
        <Word id="region0008_line0004_word0003" custom="readingOrder {index:3;}">
          <Coords points="827,3165 827,3205 922,3208 922,3163 912,3157 902,3156 893,3164 832,3166"/>
          <TextEquiv conf="0.9684486">
            <Unicode>aus</Unicode>
          </TextEquiv>
        </Word>
        <Word id="region0008_line0004_word0004" custom="readingOrder {index:4;}">
          <Coords points="940,3155 939,3210 1039,3213 1040,3165 975,3166 963,3165 961,3160 953,3155 940,3155"/>
          <TextEquiv conf="0.96637076">
            <Unicode>dem</Unicode>
          </TextEquiv>
        </Word>
        <Word id="region0008_line0004_word0005" custom="readingOrder {index:5;}">
          <Coords points="1059,3165 1058,3223 1215,3227 1216,3159 1204,3160 1199,3157 1187,3156 1176,3165 1155,3168 1103,3166 1093,3156 1081,3155 1066,3165"/>
          <TextEquiv conf="0.93302435">
            <Unicode>Hauſe</Unicode>
          </TextEquiv>
        </Word>
        <Word id="region0008_line0004_word0006" custom="readingOrder {index:6;}">
          <Coords points="1235,3157 1234,3229 1527,3237 1528,3183 1441,3181 1381,3177 1349,3173 1341,3167 1329,3168 1282,3157 1265,3156"/>
          <TextEquiv conf="0.925439">
            <Unicode>Natzungen.</Unicode>
          </TextEquiv>
        </Word>
        <TextEquiv>
          <Unicode>retha von Welze, aus dem Hauſe Natzungen.</Unicode>
        </TextEquiv>
      </TextLine>
      <TextEquiv>
        <Unicode>Die ſiebende Uhr ⸗ aͤlter Frau Mutter, Frau Marga⸗&#13;
retha von Welze, aus dem Hauſe Natzungen.</Unicode>
      </TextEquiv>
    </TextRegion>
    <TextRegion orientation="-1.5630783" readingDirection="left-to-right" id="TextRegion_1645603707119_104" custom="readingOrder {index:11;}">
      <Coords points="230,3223 1889,3271 1884,3460 230,3413"/>
      <TextLine id="region0008_line0005" custom="readingOrder {index:0;}">
        <Coords points="422,3222 340,3222 316,3226 313,3229 313,3280 317,3284 343,3284 344,3290 350,3294 383,3301 573,3308 587,3309 590,3316 597,3319 606,3318 614,3311 673,3320 723,3324 730,3333 743,3333 752,3325 853,3328 937,3334 942,3342 951,3346 965,3345 971,3335 1114,3341 1118,3338 1202,3341 1224,3343 1225,3351 1231,3358 1240,3358 1247,3353 1250,3346 1258,3346 1274,3348 1282,3354 1299,3353 1305,3349 1317,3349 1389,3364 1468,3368 1536,3357 1600,3353 1659,3344 1693,3347 1721,3360 1739,3363 1886,3366 1889,3263 1881,3263 1740,3258 1729,3262 1726,3282 1711,3283 1644,3281 1638,3277 1608,3279 1601,3268 1585,3264 1567,3270 1561,3277 1495,3269 1467,3268 1463,3265 1449,3264 1444,3267 1437,3263 1428,3263 1398,3268 1379,3278 1357,3279 1348,3277 1352,3271 1352,3263 1347,3257 1337,3256 1331,3261 1329,3275 1311,3274 1300,3265 1286,3265 1276,3273 1199,3274 1186,3272 1181,3267 1163,3270 1124,3266 1118,3261 1099,3264 1093,3261 1076,3260 1070,3264 1015,3269 975,3266 970,3260 962,3258 952,3258 942,3265 886,3264 855,3261 849,3256 831,3258 823,3251 813,3251 800,3259 753,3253 746,3248 715,3250 696,3247 648,3246 636,3241 617,3243 615,3236 607,3230 585,3231 580,3235 578,3242 568,3241"/>
        <Word id="region0008_line0005_word0000" custom="readingOrder {index:0;}">
          <Coords points="520,3306 521,3251 411,3248 409,3301"/>
          <TextEquiv conf="0.9686097">
            <Unicode>Der</Unicode>
          </TextEquiv>
        </Word>
        <Word id="region0008_line0005_word0001" custom="readingOrder {index:1;}">
          <Coords points="663,3318 665,3252 541,3249 539,3306 573,3308 587,3309 590,3316 597,3319 606,3318 614,3311"/>
          <TextEquiv conf="0.9280049">
            <Unicode>achte</Unicode>
          </TextEquiv>
        </Word>
        <Word id="region0008_line0005_word0002" custom="readingOrder {index:2;}">
          <Coords points="917,3332 919,3265 681,3258 679,3320 723,3324 727,3329 746,3329 752,3325 853,3328"/>
          <TextEquiv>
            <Unicode>Uhr ⸗ aͤlter</Unicode>
          </TextEquiv>
        </Word>
        <Word id="region0008_line0005_word0003" custom="readingOrder {index:3;}">
          <Coords points="1004,3268 935,3266 933,3333 937,3334 938,3337 969,3338 971,3335 1059,3338 1061,3270 1018,3268 1015,3269"/>
          <TextEquiv conf="0.96326506">
            <Unicode>Herr</Unicode>
          </TextEquiv>
        </Word>
        <Word id="region0008_line0005_word0004" custom="readingOrder {index:4;}">
          <Coords points="1185,3271 1070,3268 1068,3339 1114,3341 1118,3338 1202,3341 1224,3343 1224,3346 1248,3347 1249,3273 1199,3274 1186,3272"/>
          <TextEquiv conf="0.9611039">
            <Unicode>Vater,</Unicode>
          </TextEquiv>
        </Word>
        <Word id="region0008_line0005_word0005" custom="readingOrder {index:5;}">
          <Coords points="1351,3261 1330,3261 1329,3275 1311,3274 1300,3265 1286,3265 1276,3273 1270,3273 1268,3343 1393,3346 1394,3269 1379,3278 1357,3279 1348,3277 1352,3271 1352,3263"/>
          <TextEquiv conf="0.90094876">
            <Unicode>Herr</Unicode>
          </TextEquiv>
        </Word>
        <Word id="region0008_line0005_word0006" custom="readingOrder {index:6;}">
          <Coords points="1502,3269 1408,3267 1406,3355 1525,3358 1536,3357 1600,3353 1602,3352 1604,3273 1565,3271 1561,3277"/>
          <TextEquiv>
            <Unicode>Hans</Unicode>
          </TextEquiv>
        </Word>
        <Word id="region0008_line0005_word0007" custom="readingOrder {index:7;}">
          <Coords points="1626,3287 1720,3290 1718,3341 1625,3338"/>
          <TextEquiv conf="0.7924007">
            <Unicode>von</Unicode>
          </TextEquiv>
        </Word>
        <Word id="region0008_line0005_word0008" custom="readingOrder {index:8;}">
          <Coords points="1733,3362 1901,3364 1903,3274 1732,3272 1730,3361"/>
          <TextEquiv>
            <Unicode>Git⸗</Unicode>
          </TextEquiv>
        </Word>
        <TextEquiv>
          <Unicode>Der achte Uhr ⸗ aͤlter Herr Vater, Herr Hans von Git⸗</Unicode>
        </TextEquiv>
      </TextLine>
      <TextLine id="region0008_line0006" custom="readingOrder {index:1;}">
        <Coords points="230,3258 231,3378 298,3381 390,3391 397,3399 408,3399 416,3392 517,3396 524,3397 527,3404 533,3409 545,3407 551,3398 576,3399 713,3409 727,3408 849,3414 927,3423 1145,3429 1154,3439 1165,3439 1173,3430 1237,3432 1241,3441 1250,3442 1259,3442 1263,3432 1414,3437 1419,3432 1420,3387 1415,3382 1364,3373 1278,3371 1275,3360 1264,3353 1252,3355 1242,3369 1228,3368 1177,3364 1175,3355 1169,3350 1157,3349 1141,3357 1128,3356 1118,3362 1065,3358 1053,3351 1029,3351 1024,3354 1019,3350 1009,3349 1005,3352 980,3349 954,3351 897,3349 890,3343 874,3343 866,3350 803,3349 757,3344 744,3337 729,3335 708,3337 686,3336 682,3333 666,3333 659,3327 647,3329 642,3323 632,3323 625,3327 619,3322 592,3318 582,3318 572,3324 545,3318 530,3324 463,3330 438,3320 352,3302 343,3293 304,3292 298,3298 277,3297 270,3290 258,3290 250,3292 245,3298 240,3297 237,3294 240,3263 237,3259"/>
        <Word id="region0008_line0006_word0000" custom="readingOrder {index:0;}">
          <Coords points="244,3298 250,3386 428,3390 423,3317 352,3302 343,3293 304,3292 298,3298 277,3297 270,3290 258,3290 250,3292 245,3298"/>
          <TextEquiv conf="0.861497">
            <Unicode>telde,</Unicode>
          </TextEquiv>
        </Word>
        <Word id="region0008_line0006_word0001" custom="readingOrder {index:1;}">
          <Coords points="465,3329 466,3398 557,3400 557,3320 545,3318 530,3324"/>
          <TextEquiv conf="0.9652802">
            <Unicode>auf</Unicode>
          </TextEquiv>
        </Word>
        <Word id="region0008_line0006_word0002" custom="readingOrder {index:2;}">
          <Coords points="569,3323 569,3406 783,3412 783,3346 757,3344 744,3337 729,3335 708,3337 686,3336 682,3333 666,3333 659,3327 647,3329 642,3323 632,3323 625,3327 619,3322 592,3318 582,3318 572,3324"/>
          <TextEquiv conf="0.96526724">
            <Unicode>Gittelde</Unicode>
          </TextEquiv>
        </Word>
        <Word id="region0008_line0006_word0003" custom="readingOrder {index:3;}">
          <Coords points="808,3349 807,3402 903,3405 904,3349 897,3349 890,3343 874,3343 866,3350"/>
          <TextEquiv conf="0.9330502">
            <Unicode>und</Unicode>
          </TextEquiv>
        </Word>
        <Word id="region0008_line0006_word0004" custom="readingOrder {index:4;}">
          <Coords points="928,3350 928,3420 1332,3431 1332,3372 1278,3371 1275,3360 1264,3353 1252,3355 1242,3369 1228,3368 1177,3364 1175,3355 1169,3350 1157,3349 1141,3357 1128,3356 1118,3362 1065,3358 1053,3351 1029,3351 1024,3354 1019,3350 1009,3349 1005,3352 980,3349 954,3351"/>
          <TextEquiv conf="0.9203117">
            <Unicode>Wildershauſen.</Unicode>
          </TextEquiv>
        </Word>
        <TextEquiv>
          <Unicode>telde, auf Gittelde und Wildershauſen.</Unicode>
        </TextEquiv>
      </TextLine>
      <TextEquiv>
        <Unicode>Der achte Uhr ⸗ aͤlter Herr Vater, Herr Hans von Git⸗&#13;
telde, auf Gittelde und Wildershauſen.</Unicode>
      </TextEquiv>
    </TextRegion>
    <TextRegion orientation="-1.5630783" readingDirection="left-to-right" id="region0009" custom="readingOrder {index:12;}">
      <Coords points="240,3409 1886,3455 1881,3643 235,3596"/>
      <TextLine id="region0009_line0001" custom="readingOrder {index:0;}">
        <Coords points="418,3414 413,3417 336,3416 333,3420 332,3472 336,3475 351,3476 371,3483 394,3487 591,3505 593,3514 600,3519 612,3518 620,3507 734,3512 743,3521 754,3522 763,3513 811,3514 916,3522 958,3530 988,3532 992,3537 1004,3540 1020,3540 1030,3533 1213,3537 1342,3535 1347,3544 1360,3546 1371,3534 1416,3534 1430,3537 1460,3532 1489,3533 1550,3541 1558,3547 1585,3543 1592,3550 1601,3551 1606,3547 1612,3551 1621,3551 1630,3544 1644,3544 1883,3542 1883,3477 1641,3457 1634,3450 1618,3452 1611,3448 1571,3447 1559,3456 1512,3462 1451,3459 1437,3451 1427,3451 1414,3458 1373,3457 1316,3467 1300,3466 1296,3463 1278,3466 1274,3463 1260,3464 1197,3460 1192,3456 1182,3455 1172,3459 1067,3462 1025,3457 1011,3450 1002,3449 990,3455 913,3450 908,3446 896,3446 889,3441 871,3444 864,3438 851,3437 843,3444 770,3438 763,3430 736,3435 723,3434 719,3437 713,3436 708,3432 699,3432 692,3436 647,3435 642,3431 631,3430 626,3435 622,3435 615,3426 605,3425 589,3427 581,3436 544,3435 502,3428 494,3420 474,3423 463,3422 450,3415"/>
        <Word id="region0009_line0001_word0000" custom="readingOrder {index:0;}">
          <Coords points="516,3498 518,3440 411,3437 410,3488"/>
          <TextEquiv conf="0.9648631">
            <Unicode>Die</Unicode>
          </TextEquiv>
        </Word>
        <Word id="region0009_line0001_word0001" custom="readingOrder {index:1;}">
          <Coords points="669,3509 671,3446 546,3443 544,3500 591,3505 593,3514 600,3519 612,3518 620,3507"/>
          <TextEquiv conf="0.9328832">
            <Unicode>achte</Unicode>
          </TextEquiv>
        </Word>
        <Word id="word_1643034133656_618" custom="readingOrder {index:2;}">
          <Coords points="693,3444 822,3447 934,3451 958,3452 957,3516 755,3520 742,3520 691,3510"/>
          <TextEquiv>
            <Unicode>Uhr ⸗ aͤlter</Unicode>
          </TextEquiv>
        </Word>
        <Word id="region0009_line0001_word0004" custom="readingOrder {index:3;}">
          <Coords points="1025,3457 988,3456 986,3530 1116,3533 1118,3461 1067,3462 1025,3457"/>
          <TextEquiv conf="0.9641832">
            <Unicode>Frau</Unicode>
          </TextEquiv>
        </Word>
        <Word id="region0009_line0001_word0005" custom="readingOrder {index:4;}">
          <Coords points="1232,3462 1148,3460 1146,3532 1288,3535 1342,3535 1343,3537 1367,3537 1370,3535 1372,3466 1328,3464 1316,3467 1300,3466 1297,3464 1291,3463 1278,3466 1274,3463 1270,3463 1260,3464"/>
          <TextEquiv conf="0.9581734">
            <Unicode>Mutter,</Unicode>
          </TextEquiv>
        </Word>
        <Word id="region0009_line0001_word0006" custom="readingOrder {index:5;}">
          <Coords points="1497,3534 1535,3535 1537,3466 1415,3463 1413,3532 1453,3533 1460,3532 1489,3533"/>
          <TextEquiv conf="0.9325276">
            <Unicode>Frau</Unicode>
          </TextEquiv>
        </Word>
        <Word id="region0009_line0001_word0007" custom="readingOrder {index:6;}">
          <Coords points="1688,3460 1557,3457 1555,3544 1558,3547 1585,3543 1590,3548 1604,3548 1606,3547 1608,3548 1623,3549 1630,3544 1644,3544 1757,3543 1758,3466"/>
          <TextEquiv conf="0.84450936">
            <Unicode>Anna</Unicode>
          </TextEquiv>
        </Word>
        <Word id="region0009_line0001_word0008" custom="readingOrder {index:7;}">
          <Coords points="1785,3484 1887,3478 1886,3531 1784,3537"/>
          <TextEquiv>
            <Unicode>von</Unicode>
          </TextEquiv>
        </Word>
        <TextEquiv>
          <Unicode>Die achte Uhr ⸗ aͤlter Frau Mutter, Frau Anna von</Unicode>
        </TextEquiv>
      </TextLine>
      <TextLine id="region0009_line0002" custom="readingOrder {index:1;}">
        <Coords points="260,3474 238,3474 235,3577 263,3578 270,3584 287,3587 294,3581 304,3579 384,3578 479,3590 525,3592 532,3598 546,3596 551,3600 560,3600 565,3596 571,3602 580,3602 588,3596 680,3599 685,3594 687,3538 682,3533 622,3523 499,3510 491,3502 482,3502 476,3507 423,3502 387,3496 328,3479"/>
        <Word id="region0009_line0002_word0000" custom="readingOrder {index:0;}">
          <Coords points="462,3505 243,3500 241,3577 263,3578 270,3584 287,3587 294,3581 304,3579 384,3578 479,3590 525,3592 532,3598 546,3596 551,3600 560,3600 565,3596 571,3602 580,3602 586,3597 587,3519 499,3510 495,3506 477,3506 476,3507"/>
          <TextEquiv>
            <Unicode>Boventen.</Unicode>
          </TextEquiv>
        </Word>
        <TextEquiv>
          <Unicode>Boventen.</Unicode>
        </TextEquiv>
      </TextLine>
      <TextEquiv>
        <Unicode>Die achte Uhr ⸗ aͤlter Frau Mutter, Frau Anna von&#13;
Boventen.</Unicode>
      </TextEquiv>
    </TextRegion>
    <GraphicRegion id="Graphic_1645603744663_115" custom="readingOrder {index:13;}">
      <Coords points="1646,752 1744,752 1744,847 1646,847"/>
    </GraphicRegion>
    <GraphicRegion id="Graphic_1645603748038_118" custom="readingOrder {index:14;}">
      <Coords points="379,810 466,810 466,908 379,908"/>
    </GraphicRegion>
    <GraphicRegion id="Graphic_1645603751772_121" custom="readingOrder {index:15;}">
      <Coords points="1491,921 1588,921 1588,1058 1491,1058"/>
    </GraphicRegion>
    <GraphicRegion id="Graphic_1645603755382_124" custom="readingOrder {index:16;}">
      <Coords points="252,989 350,989 350,1079 252,1079"/>
    </GraphicRegion>
    <GraphicRegion id="Graphic_1645603758445_127" custom="readingOrder {index:17;}">
      <Coords points="706,1003 787,1003 787,1113 706,1113"/>
    </GraphicRegion>
    <GraphicRegion id="Graphic_1645603764476_130" custom="readingOrder {index:18;}">
      <Coords points="1567,1205 1673,1205 1673,1311 1567,1311"/>
    </GraphicRegion>
    <GraphicRegion id="Graphic_1645603767882_133" custom="readingOrder {index:19;}">
      <Coords points="250,1263 352,1263 352,1361 250,1361"/>
    </GraphicRegion>
    <GraphicRegion id="Graphic_1645603771304_136" custom="readingOrder {index:20;}">
      <Coords points="1517,1393 1601,1393 1601,1514 1517,1514"/>
    </GraphicRegion>
    <GraphicRegion id="Graphic_1645603795742_139" custom="readingOrder {index:21;}">
      <Coords points="218,1803 336,1803 336,1922 218,1922"/>
    </GraphicRegion>
    <GraphicRegion id="Graphic_1645603800883_142" custom="readingOrder {index:22;}">
      <Coords points="1470,1935 1572,1935 1572,2045 1470,2045"/>
    </GraphicRegion>
    <GraphicRegion id="Graphic_1645603807414_145" custom="readingOrder {index:23;}">
      <Coords points="1575,2296 1667,2296 1667,2422 1575,2422"/>
    </GraphicRegion>
    <GraphicRegion id="Graphic_1645603810804_148" custom="readingOrder {index:24;}">
      <Coords points="363,2343 460,2343 460,2464 363,2464"/>
    </GraphicRegion>
    <GraphicRegion id="Graphic_1645603814742_151" custom="readingOrder {index:25;}">
      <Coords points="360,2536 450,2536 450,2646 360,2646"/>
    </GraphicRegion>
    <GraphicRegion id="Graphic_1645603819039_154" custom="readingOrder {index:26;}">
      <Coords points="1475,2683 1580,2683 1580,2794 1475,2794"/>
    </GraphicRegion>
    <GraphicRegion id="Graphic_1645603821899_157" custom="readingOrder {index:27;}">
      <Coords points="344,2739 439,2739 439,2854 344,2854"/>
    </GraphicRegion>
    <GraphicRegion id="Graphic_1645603825930_160" custom="readingOrder {index:28;}">
      <Coords points="350,2907 460,2907 460,3026 350,3026"/>
    </GraphicRegion>
    <GraphicRegion id="Graphic_1645603830477_163" custom="readingOrder {index:29;}">
      <Coords points="1612,3060 1722,3060 1722,3179 1612,3179"/>
    </GraphicRegion>
    <GraphicRegion id="Graphic_1645603847742_166" custom="readingOrder {index:30;}">
      <Coords points="531,3115 662,3115 662,3228 531,3228"/>
    </GraphicRegion>
    <GraphicRegion id="Graphic_1645603852075_169" custom="readingOrder {index:31;}">
      <Coords points="1405,3252 1490,3252 1490,3391 1405,3391"/>
    </GraphicRegion>
    <GraphicRegion id="Graphic_1645603854234_172" custom="readingOrder {index:32;}">
      <Coords points="1722,3241 1806,3241 1806,3373 1722,3373"/>
    </GraphicRegion>
    <GraphicRegion id="Graphic_1645603858336_175" custom="readingOrder {index:33;}">
      <Coords points="1548,3436 1648,3436 1648,3557 1548,3557"/>
    </GraphicRegion>
    <GraphicRegion id="Graphic_1645603861086_178" custom="readingOrder {index:34;}">
      <Coords points="220,3476 338,3476 338,3602 220,3602"/>
    </GraphicRegion>
  </Page>
</PcGts>