2655 2838
257 301 354 342 1788

459 296 525 330 IV.
525 292 674 330 Theil.
674 291 735 330 2)
735 289 827 330 von
827 287 915 330 den
915 283 1114 330 Urſachen
1114 282 1203 330 des
1203 277 1464 330 Untergangs
1464 273 1666 330 Sodoms.

1770 287 1870 328 1789

259 370 305 409 zu
322 361 397 399 mir
413 360 504 408 alle,
522 360 583 398 die
600 359 663 409 ihr
679 357 784 398 elend
795 358 873 397 und
884 356 1040 396 beladen

262 413 360 465 ſeyd,
375 413 434 458 ich
449 412 536 453 will
550 411 640 455 euch
658 409 869 460 erquicken,
885 419 927 450 ꝛc.
946 409 1042 450 Sol⸗

264 465 337 509 ches
353 465 388 512 iſt
402 464 527 512 Labniß
541 465 610 502 und
631 462 763 510 Artzney
787 460 843 510 fuͤr
864 458 1042 500 danckbare

263 514 422 564 Hertzen,
444 513 494 554 die
510 513 597 560 nicht
617 512 650 561 ſo
674 511 830 561 ſteinhart
854 509 956 559 ſeyn,
981 509 1043 549 wie

265 569 321 606 der
334 564 441 612 Pabſt
457 565 526 604 und
543 561 624 612 ſeine
647 561 782 611 ſicheren
804 562 872 601 und
895 559 1045 603 verſtock⸗

263 622 318 658 ten
334 611 520 663 Biſchoͤfe,
546 614 684 658 welchen
705 609 838 656 gehoͤret
860 615 914 653 der
932 610 1046 656 Ham⸗

262 672 333 705 mer
345 665 415 703 und
430 660 618 711 Schrecken
636 664 695 701 des
703 653 861 710 Geſetzes.
914 663 990 702 Und
1000 658 1044 706 ſa⸗

262 720 319 763 get
336 714 478 764 Ezechiel
500 715 591 760 Cap.
608 725 677 761 22,
693 719 754 755 28.
778 712 892 758 recht,
917 712 982 759 daß
998 711 1046 750 die

263 765 462 816 Propheten
477 765 611 808 Suͤnde
626 762 731 812 thun,
757 762 806 802 die
829 763 887 803 des
904 759 1047 807 Gerech⸗

266 821 319 857 ten
337 816 432 865 Hertz
449 814 511 856 mit
524 811 636 861 Luͤgen
652 811 860 861 erſchrecken;
874 814 957 852 denn
973 812 1048 852 die⸗

264 864 386 915 ſelben
402 862 483 912 ſeyn
497 863 570 902 das
585 860 816 912 glimmende
830 860 959 909 Tocht,
992 858 1048 908 Eſ.

263 921 330 959 42,
340 924 376 959 3.
402 913 469 954 das
490 922 571 953 man
592 911 712 953 wieder
731 909 900 958 aufblaſen
915 911 985 949 und
1002 918 1048 949 er⸗

266 966 416 1018 quicken,
432 965 519 1013 nicht
533 974 597 1013 gar
617 960 807 1012 ausloͤſchen
833 962 911 1012 ſoll:
936 963 996 1003 wie
1010 964 1051 1008 ſie

265 1018 346 1065 auch
361 1016 426 1065 auf
438 1016 512 1057 dem
528 1017 653 1057 andern
671 1015 769 1060 Theil
783 1011 962 1062 ſuͤndigen,
985 1012 1050 1057 daß

265 1071 307 1118 ſie
322 1068 374 1109 die
388 1063 518 1116 Haͤnde
533 1069 592 1108 des
613 1065 796 1111 Gottloſen
811 1060 964 1112 ſtaͤrcken,
980 1064 1050 1103 und

268 1117 325 1166 ihn
360 1117 448 1166 nicht
489 1115 646 1165 vielmehr
674 1114 835 1161 anklagen
873 1114 941 1153 und
982 1120 1051 1152 ver⸗

268 1173 440 1206 dammen.

321 1217 406 1263 196.
423 1214 475 1264 Zu
472 1207 568 1266 dieſer
592 1206 649 1265 Zeit
682 1211 792 1259 findeſt
807 1213 851 1252 du
867 1210 951 1256 ihrer
959 1207 1053 1256 viele,

270 1269 321 1310 die
348 1268 408 1318 ſich
432 1278 475 1308 an
499 1269 555 1307 der
577 1267 723 1316 Predigt
744 1268 803 1306 des
819 1263 994 1311 Geſetzes,
1020 1261 1053 1309 ſo

268 1320 350 1368 doch
373 1313 491 1365 noͤthig
512 1315 574 1365 iſt,
614 1311 736 1363 aͤrgern
757 1317 826 1355 und
848 1316 888 1362 ſie
911 1313 1052 1360 fliehen;

270 1368 355 1407 denn
371 1366 413 1414 ſie
427 1363 545 1414 ſagen,
573 1362 641 1414 ihre
657 1363 825 1412 Gewiſſen
848 1364 977 1403 werden
1003 1361 1054 1402 be⸗

269 1419 451 1479 ſchweret,
476 1426 573 1457 wenn
588 1418 628 1465 ſie
654 1415 752 1466 ſolche
765 1413 1053 1464 Geſetz ⸗ Predigt

270 1463 387 1516 hoͤren.
448 1466 556 1513 Seyn
580 1463 647 1504 mir
668 1463 746 1505 aber
768 1466 833 1503 das
857 1462 944 1508 nicht
967 1460 1053 1511 feine

271 1521 448 1571 Chriſten?
481 1521 561 1562 Mit
575 1517 767 1565 Suͤndigen
790 1513 889 1564 hoͤren
904 1519 944 1557 ſie
968 1514 1054 1561 nicht

271 1570 352 1619 auf,
378 1568 479 1616 liegen
517 1564 559 1613 in
543 1567 649 1615 Haß,
675 1567 767 1616 Zorn
791 1570 859 1607 und
880 1566 993 1611 Neid,
1017 1576 1050 1603 in

270 1619 435 1669 Unzucht,
461 1611 603 1667 Geitzen,
615 1617 742 1665 Freſſen
757 1620 826 1658 und
843 1614 1051 1659 Saufen,
1013 1606 1052 1655 ꝛc.

273 1678 369 1710 wenn
390 1670 431 1714 ſie
454 1679 523 1709 nun
541 1662 663 1715 hoͤren,
696 1667 760 1715 daß
782 1665 882 1714 ſolche
896 1665 1052 1708 Suͤnden

272 1716 425 1766 geſtrafet
440 1717 590 1764 werden,
616 1709 739 1761 aͤrgern
752 1715 793 1760 ſie
801 1713 879 1762 ſich,
893 1715 961 1754 und
972 1713 1053 1752 wol⸗

275 1772 327 1810 len
344 1768 451 1817 nicht,
467 1768 530 1814 daß
547 1775 628 1807 man
645 1766 712 1814 ihre
728 1764 895 1813 Gewiſſen
905 1762 1054 1810 beſchwe⸗

273 1829 332 1861 ren
349 1819 419 1867 ſoll.
501 1819 635 1860 Sollen
658 1817 721 1857 wir
743 1818 828 1855 denn
845 1813 936 1855 einen
958 1813 1051 1859 jeden

273 1869 358 1919 thun
375 1866 492 1916 laſſen,
517 1872 594 1906 was
615 1865 683 1914 ihm
705 1864 865 1914 geluͤſtet,
890 1866 959 1904 und
985 1863 1052 1909 ihm

275 1921 357 1967 noch
374 1919 493 1967 ſagen,
519 1929 552 1959 er
567 1916 616 1968 ſey
634 1916 738 1967 ſelig?
762 1916 924 1966 Beyleibe
945 1914 1052 1963 nicht;

275 1974 361 2013 denn
385 1971 452 2019 hier
470 1968 576 2018 hoͤreſt
609 1972 675 2016 du,
698 1968 763 2016 daß
784 1978 863 2008 man
886 1967 1055 2008 Sodoms

276 2024 362 2068 [und
384 2018 580 2067 Gomorraͤ]
603 2018 735 2066 Strafe
757 2020 843 2059 allen
865 2017 1056 2062 Nachkom⸗

276 2081 378 2114 men,
401 2069 470 2110 und
486 2078 574 2117 zwar
590 2071 645 2110 der
661 2069 778 2116 Kirche
794 2068 943 2113 GOttes
957 2066 1058 2112 ſelbſt,

275 2124 450 2172 vorhalten
467 2121 545 2172 ſoll,
571 2122 635 2171 daß
652 2121 703 2161 die
716 2120 812 2162 Leute
846 2114 923 2164 GOtt
942 2119 1057 2160 lernen

278 2176 442 2215 fuͤrchten.

338 2228 423 2263 197.
455 2216 513 2267 Jn
539 2218 595 2257 der
615 2214 819 2257 Antinomer
840 2213 939 2262 Lehre
964 2211 1058 2260 ſtund

279 2271 370 2320 alſo:
394 2272 462 2315 So
479 2270 564 2311 einer
578 2265 669 2310 waͤre
683 2269 734 2308 ein
750 2266 964 2315 Ehebrecher,
980 2264 1060 2314 ſolte

279 2329 313 2359 er
328 2329 391 2361 nur
407 2314 571 2368 glaͤuben,
597 2315 630 2366 ſo
643 2313 759 2357 wuͤrde
773 2325 806 2356 er
829 2316 919 2355 einen
942 2310 1059 2361 gnaͤdi⸗

279 2376 343 2414 gen
358 2357 470 2413 GOtt
486 2367 606 2416 haben.
656 2365 761 2409 Was
778 2365 878 2404 wolte
898 2364 975 2404 aber
999 2362 1059 2409 ſol⸗

280 2421 352 2472 ches
369 2421 426 2473 fuͤr
442 2421 512 2465 eine
525 2420 643 2472 Kirche
655 2418 747 2471 ſeyn,
774 2416 937 2466 darinnen
960 2415 1059 2472 ſolche

1080 352 1272 402 ſchreckliche
1300 349 1434 392 Worte
1456 351 1549 394 fielen
1577 351 1648 388 und
1676 348 1863 394 geprediget

1081 398 1240 441 wuͤrden?
1264 398 1410 440 Darum
1429 397 1506 444 ſolte
1526 407 1605 437 man
1635 386 1725 435 einen
1745 396 1861 436 Unter⸗

1082 454 1181 502 ſcheid
1196 453 1386 502 gemachet,
1408 455 1477 493 und
1495 450 1561 498 alſo
1578 451 1717 496 gelehret
1742 449 1863 498 haben,

1083 502 1148 551 daß
1164 502 1213 541 die
1238 500 1439 549 Ehebrecher
1461 501 1539 539 oder
1561 488 1712 541 Suͤnder
1732 505 1866 545 zweyer⸗

1084 557 1132 603 ley
1148 551 1281 595 waͤren:
1308 554 1358 593 die
1374 553 1498 601 erſten,
1525 551 1557 601 ſo
1578 553 1667 599 ihren
1692 551 1864 600 Ehebruch

1085 605 1164 645 oder
1181 600 1315 645 Suͤnde
1330 602 1513 646 erkennen,
1538 602 1608 641 und
1632 606 1698 639 von
1720 602 1864 651 gantzem

1084 654 1221 703 Hertzen
1247 653 1347 699 dafuͤr
1370 650 1587 700 erſchrecken,
1628 652 1697 691 und
1719 642 1889 690 anheben

1085 694 1262 753 ernſtliche
1282 703 1350 747 Reue
1366 705 1432 742 und
1442 704 1524 750 Leyd
1542 700 1683 743 daruͤber
1700 710 1734 748 zu
1745 689 1864 748 haben,

1085 758 1153 796 und
1170 756 1266 802 ihnen
1283 757 1347 795 das
1361 754 1447 802 nicht
1464 753 1561 794 allein
1580 753 1676 800 laſſen
1687 753 1756 798 leyd
1775 749 1865 800 ſeyn,

1086 807 1149 855 daß
1175 809 1215 853 ſie
1236 804 1425 853 geſuͤndiget
1449 804 1583 853 haben,
1623 802 1761 851 ſondern
1786 803 1867 850 auch

1085 864 1151 897 von
1176 855 1314 903 Hertzen
1342 854 1526 901 begehren,
1554 856 1622 893 und
1647 854 1705 903 ſich
1729 852 1868 901 befleißi⸗

1086 914 1177 955 gen,
1201 908 1266 954 daß
1284 908 1322 953 ſie
1340 906 1440 954 ſolche
1460 905 1595 948 Suͤnde
1617 904 1757 953 hernach
1781 903 1868 950 nicht

1087 950 1207 1002 moͤgen
1223 954 1316 1001 mehr
1333 953 1431 1000 thun.
1484 952 1618 998 Solche
1634 951 1730 992 Leute,
1767 950 1816 989 die
1832 960 1867 988 in

1086 1009 1173 1050 ihrer
1189 1007 1323 1048 Suͤnde
1340 1007 1426 1050 nicht
1440 1006 1555 1053 ſicher,
1577 1003 1715 1049 ſondern
1733 1002 1868 1051 erſchro⸗

1087 1059 1156 1097 cken
1172 1057 1267 1105 ſeyn,
1293 1060 1360 1096 und
1376 1057 1435 1102 ſich
1451 1057 1507 1103 fuͤr
1523 1057 1674 1099 GOttes
1687 1055 1779 1103 Zorn
1798 1058 1866 1094 ent⸗

1087 1104 1207 1154 ſetzen,
1242 1105 1274 1153 ſo
1298 1106 1338 1153 ſie
1363 1104 1504 1145 alsdenn
1527 1104 1586 1152 ſich
1608 1102 1718 1149 halten
1740 1112 1785 1141 an
1803 1102 1870 1142 das

1090 1156 1346 1204 Evangelium,
1377 1158 1446 1195 und
1482 1156 1546 1202 auf
1565 1156 1616 1194 die
1643 1154 1770 1198 Gnade
1798 1155 1870 1192 und

1087 1208 1382 1254 Barmhertzigkeit
1400 1209 1550 1252 GOttes
1575 1209 1673 1253 durch
1700 1204 1871 1253 Chriſtum

1090 1257 1210 1293 trauen
1230 1245 1279 1292 und
1279 1243 1376 1300 ſich
1394 1251 1581 1299 verlaſſen,
1607 1250 1740 1289 werden
1764 1250 1804 1294 ſie
1827 1247 1869 1295 ſe⸗

1090 1306 1156 1356 lig,
1182 1310 1252 1347 und
1271 1306 1377 1353 haben
1398 1305 1614 1354 Vergebung
1636 1306 1694 1345 der
1709 1304 1870 1346 Suͤnden

1090 1359 1188 1406 durch
1206 1360 1266 1397 den
1283 1356 1445 1400 Glauben
1462 1366 1505 1396 an
1524 1354 1706 1403 Chriſtum.

1143 1413 1229 1451 198.
1253 1399 1309 1453 Die
1334 1398 1453 1450 andern
1474 1397 1667 1455 Ehebrecher
1681 1403 1772 1449 aber,
1792 1402 1871 1443 oder

1089 1456 1251 1503 Suͤnder,
1262 1455 1303 1494 ob
1313 1456 1353 1502 ſie
1362 1452 1455 1501 ſchon
1465 1453 1530 1501 ihre
1539 1453 1696 1496 Suͤnden
1707 1451 1792 1498 nicht
1802 1455 1872 1491 ent⸗

1088 1507 1269 1555 ſchuldigen
1278 1503 1419 1553 koͤnnen,
1444 1503 1627 1550 empfinden
1645 1506 1684 1553 ſie
1700 1506 1778 1552 doch
1795 1505 1873 1544 dar⸗

1088 1558 1168 1600 uͤber
1175 1561 1283 1598 keinen
1293 1558 1465 1603 Schmertz
1473 1559 1543 1595 und
1554 1555 1782 1602 Traurigkeit;
1800 1553 1872 1601 ſon⸗

1089 1608 1168 1646 dern
1186 1605 1296 1653 freuen
1314 1606 1372 1651 ſich
1390 1596 1564 1651 vielmehr,
1592 1601 1656 1649 daß
1671 1602 1773 1650 ihnen
1773 1601 1871 1649 gera⸗

1089 1655 1165 1704 then
1183 1654 1240 1704 iſt,
1264 1660 1339 1695 was
1350 1649 1400 1702 ſie
1424 1647 1561 1704 begehret
1586 1652 1698 1701 haben,
1723 1651 1872 1698 trachten

1090 1708 1153 1756 auf
1165 1706 1295 1748 weitere
1317 1707 1474 1755 Urſachen
1502 1708 1572 1746 und
1595 1703 1815 1752 Gelegenheit
1835 1712 1873 1750 zu

1090 1757 1270 1805 ſuͤndigen,
1296 1758 1365 1796 und
1382 1755 1513 1805 hangen
1537 1754 1634 1802 ihnen
1657 1755 1752 1802 ſicher
1769 1755 1873 1801 nach:

1091 1807 1243 1855 dieſelben
1262 1802 1410 1853 koͤnnen,
1437 1802 1561 1844 dieweil
1576 1808 1618 1852 ſie
1633 1804 1693 1842 den
1715 1801 1874 1851 Heiligen

1093 1861 1187 1905 Geiſt
1210 1859 1298 1905 nicht
1320 1858 1459 1905 haben,
1494 1857 1575 1904 auch
1598 1857 1687 1904 nicht
1713 1851 1874 1904 glaͤuben,

1092 1909 1160 1949 und
1176 1905 1345 1955 verfuͤhret
1363 1907 1431 1946 und
1449 1902 1599 1951 betruͤget
1620 1905 1660 1951 ſie
1683 1903 1733 1944 ein
1757 1900 1874 1950 ſolcher

1092 1960 1227 2006 Lehrer,
1255 1960 1311 1999 der
1325 1957 1424 1998 ihnen
1440 1966 1522 1998 vom
1539 1955 1701 2001 Glauben
1713 1954 1875 2001 prediget.

1092 2005 1201 2049 Denn
1222 2003 1301 2051 dieſe
1319 1993 1517 2052 Kranckheit
1545 2002 1624 2050 muß
1656 1999 1723 2041 eine
1752 2002 1873 2040 andere

1093 2063 1226 2107 Artzney
1244 2059 1370 2104 haben,
1397 2059 1553 2108 nemlich,
1571 2059 1634 2107 daß
1651 2060 1694 2099 du
1712 2058 1807 2097 ihnen
1826 2056 1873 2102 ſa⸗

1094 2113 1157 2160 geſt
1166 2114 1229 2153 mit
1239 2112 1312 2155 St.
1321 2112 1438 2158 Paulo
1455 2111 1540 2154 Ebr.
1578 2119 1666 2156 13,4:
1682 2109 1757 2152 Die
1767 2109 1874 2155 Ehe⸗

1093 2162 1247 2209 brecher
1260 2162 1364 2201 wird
1381 2160 1506 2202 GOtt
1528 2159 1685 2202 richten.
1716 2156 1876 2204 1Cor.6,

1092 2220 1128 2254 9.
1150 2223 1213 2251 10:
1241 2211 1321 2251 Sie
1348 2209 1505 2250 werden
1544 2207 1711 2251 GOttes
1749 2206 1874 2253 Reich

1092 2260 1199 2307 nicht
1236 2256 1406 2306 ſchauen.
1463 2251 1708 2302 Roͤm.8,8:
1756 2255 1873 2304 Ohne

1091 2311 1315 2361 Reinigkeit
1345 2318 1434 2358 mag
1457 2311 1631 2350 niemand
1664 2310 1790 2352 GOtt
1811 2316 1874 2355 ge⸗

1088 2360 1225 2410 fallen;
1243 2361 1362 2400 darum
1371 2357 1441 2406 ſeyn
1453 2357 1605 2399 dieſelben
1623 2356 1788 2399 Unreinen
1804 2357 1876 2396 und

1091 2416 1279 2467 Befleckten
1296 2418 1393 2459 unter
1410 2411 1559 2460 GOttes
1580 2412 1672 2464 Zorn
1688 2420 1732 2453 ꝛc.

1783 2475 1881 2507 199.
