1531 2354
189 418 289 446 2022
311 406 476 448 Betrachtt.
492 404 544 442 uͤb.
560 404 604 441 die
618 401 719 440 Werke
735 400 850 440 Gottes
869 398 909 434 im
921 397 1027 437 Reiche

247 463 297 492 der
311 454 415 493 Natur
423 463 462 487 ꝛc.
502 444 580 500 Mon.
593 444 670 500 Jan.
668 465 710 472 —
726 445 827 490 Maͤrz.
839 446 935 489 Halle,
952 449 1026 485 772.

249 499 348 531 broch.

208 539 248 574 23
266 545 305 556 —
322 536 361 564 26
383 528 450 566 Der
468 513 606 573 Profelyt
621 532 679 562 von
694 531 779 565 Ferd.
799 531 900 572 Ambr.
917 530 1025 564 Fidler.

253 594 330 620 1—
343 578 383 623 4r.
411 584 471 620 Bd.
488 582 547 623 Lpz.
566 584 638 620 768.
655 590 673 621 4
690 577 769 612 Voll.
787 577 882 618 broch.

207 644 251 672 27
274 635 311 672 P.
336 631 464 674 Pfeffers
492 631 565 670 nach
589 629 659 664 bibl.
690 622 850 665 Spruͤchen
872 620 1030 664 abgefaßte

251 674 465 708 Todesgedank
492 674 512 706 ſ.
528 677 547 708 l.
567 682 598 704 et
613 683 639 706 a.
658 669 784 712 hLorbd.

210 729 249 761 28
274 724 340 760 Der
356 722 444 761 liſtige
459 719 584 757 Reineke
609 716 719 759 Fuchs.
750 723 763 747 1
777 724 824 739 —
839 722 866 752 3.
892 708 962 752 Thl.
979 710 1033 747 mit

253 764 403 794 Holzſchn.
421 763 439 794 ſ.
457 765 477 794 l.
492 771 524 794 et
540 773 567 793 a.
585 758 688 794 Frzbd.

211 811 254 844 29
274 800 353 844 Joh.
368 799 469 838 Anaſt.
486 796 736 840 Freylinghauſen
753 794 847 837 kurzer
854 780 975 840 Begriff
987 776 1036 826 der

255 853 357 890 chriſtl.
368 850 458 889 Lehre
485 848 586 888 Halle,
608 854 680 887 737.
696 845 796 885 Ppbd.

212 905 255 939 30
278 895 355 935 Joh.
373 891 563 933 Heermanns
580 889 743 931 Bußleiter,
761 885 882 928 Beicht⸗
900 894 931 919 u.
949 885 1037 921 Com⸗

228 947 347 978 mun.
355 929 510 977 Buͤchiein.
529 934 606 980 Frkf.
625 942 655 967 u.
670 933 731 974 Lpz.
748 938 823 971 712.
840 930 1038 969 Schwcordb.

251 989 297 1011 m.
313 977 418 1011 goldn.
434 974 572 1011 Schnitt.

215 1033 254 1068 31
278 1021 368 1067 Benj.
387 1019 587 1062 Schmolkens
605 1017 684 1056 Gott
698 1014 798 1058 geheil.
808 1013 962 1055 Morgen⸗
977 1015 1039 1046 und

236 1064 536 1108 Abendandachten.
551 1060 653 1101 Nrnb.
668 1067 741 1103 743.
757 1058 838 1100 ſchw.
855 1058 982 1096 Cordbd.
1000 1059 1042 1091 m.

260 1115 360 1145 goldn.
380 1110 478 1150 Schn.

219 1167 260 1200 32
277 1172 318 1181 —
336 1166 371 1196 40
387 1153 466 1192 Der
480 1154 573 1199 Jude.
590 1153 665 1189 Eine
679 1148 909 1196 Wochenſchrift
917 1155 946 1183 v.
957 1146 1042 1189 Gtfr.

262 1196 366 1238 Selig.
393 1205 408 1230 1
427 1211 466 1220 —
482 1203 528 1236 9r.
550 1194 610 1231 Bd.
634 1192 687 1228 mit
709 1190 805 1231 Kupf.
823 1190 909 1231 Leipz.
923 1193 1043 1227 768—

263 1251 336 1278 772.
353 1250 373 1278 9
390 1241 472 1272 Voll.
492 1239 610 1278 Ppbde.

220 1278 274 1319 41
286 1273 466 1316 Vorſchlaͤge
481 1281 532 1313 zur
549 1272 731 1312 Herſtellung
745 1282 864 1317 beſſerer
879 1281 976 1316 Zeiten
983 1295 1046 1316 von

265 1339 301 1362 C.
318 1338 349 1362 B.
367 1331 397 1362 v.
410 1336 444 1362 L.
462 1330 540 1362 Frkf.
559 1338 631 1362 739.
650 1327 747 1362 Pgbd.

222 1383 262 1415 42
288 1373 330 1405 La
344 1371 448 1405 Roche
465 1367 609 1404 nouvelle
625 1363 807 1408 grammaire
818 1358 984 1407 Françoiſe.
996 1366 1048 1401 18.

265 1423 345 1451 Aufl.
363 1420 426 1451 Lpz.
443 1426 517 1451 740.
539 1414 634 1451 Pgbd.

224 1474 265 1509 43
289 1464 365 1501 Geo.
383 1459 553 1502 Berkeley's
570 1456 729 1500 Nachricht
746 1461 816 1493 vom
839 1451 1047 1498 Theerwaſſer.

268 1519 297 1545 a.
314 1512 339 1542 d.
357 1507 447 1545 Engl.
465 1505 484 1541 ſ.
505 1507 525 1541 l.
540 1504 622 1547 747.
646 1501 765 1545 hPgbd.

224 1558 268 1591 44
290 1547 369 1585 Das
384 1539 555 1587 bezauberte
573 1541 834 1585 Bauermaͤdchen,
857 1542 926 1573 oder
945 1545 1050 1578 Geſch.

271 1600 321 1630 der
339 1593 417 1637 Joh.
444 1591 557 1630 Eliſab.
582 1587 776 1628 Lohmannin.
802 1586 906 1623 Bresl.
928 1587 1052 1622 760.—

271 1641 347 1681 Gth.
365 1639 417 1681 Fr.
433 1635 579 1676 Oesfeld,
601 1641 662 1668 von
684 1636 735 1667 der
751 1628 944 1671 Einwirkung
965 1633 1052 1668 guter

269 1688 333 1719 und
348 1683 428 1720 boͤſer
443 1681 553 1720 Geiſter
561 1674 597 1717 in
612 1681 665 1712 den
689 1675 857 1715 Menſchen.
882 1671 959 1713 (bey
980 1674 1053 1711 derſ.

269 1729 395 1757 Geleg.)
410 1729 516 1757 Wittb.
534 1729 596 1757 760
632 1724 726 1760 Ppbd.

230 1760 288 1810 45
303 1759 379 1807 Zwey
397 1767 498 1806 Briefe
520 1770 580 1798 von
605 1760 717 1796 Gellert
739 1761 798 1794 und
821 1757 971 1796 Rabener.
995 1757 1056 1794 Lpz.

275 1813 339 1849 und
353 1815 468 1852 Dresd.
497 1814 569 1854 761.
595 1818 622 1848 3.
638 1816 668 1840 u.
703 1800 741 1845 4.
735 1805 782 1842 Br
812 1816 872 1841 von
896 1805 936 1841 G.
958 1814 986 1838 u.
1011 1806 1054 1839 R.

275 1848 321 1889 ib.
338 1864 376 1885 eo
405 1851 574 1893 Tiſchreden
602 1847 656 1883 des
676 1845 861 1889 Weltweiſen
882 1853 916 1886 zu
942 1848 1055 1878 Sans⸗

276 1893 388 1938 Souci.
408 1898 424 1931 ſ.
447 1900 464 1931 l.
484 1899 555 1939 761.
573 1901 602 1925 et
617 1893 661 1932 pl.
678 1893 777 1936 Ppbd.

234 1946 279 1987 46
299 1947 341 1978 60
350 1942 568 1985 freundſchaftl.
578 1940 681 1980 Briefe
703 1948 730 1975 v.
748 1942 774 1973 d.
797 1940 881 1980 Verf.
905 1940 961 1970 des
979 1940 1058 1972 Ver⸗

279 1990 374 2035 ſuchs.
385 1992 415 2029 in
431 1987 621 2034 ſcherzhaften
638 1984 762 2023 Liedern.
782 1984 858 2021 Berl
883 1985 960 2024 760.
979 1980 1059 2022 Ppb.
