2847 2800
965 223 1059 285 1364

1112 228 1209 291 Cap.
1209 228 1255 291 5.
1255 229 1369 291 Von
1369 230 1458 291 der
1458 231 1718 291 Diſputation
1718 235 1903 291 zwiſchen
1903 238 2019 291 Eck,
2019 240 2207 291 Carlſtad
2207 243 2299 291 und
2299 245 2483 291 Luthero.

2542 255 2623 303 1365

979 308 1046 356 ſten
1068 311 1136 349 und
1156 308 1349 358 Thomiſten
1366 312 1528 362 hierinnen
1544 314 1705 363 (nemlich
1719 326 1784 358 von

981 368 1054 406 dem
1074 364 1181 413 freyen
1202 367 1339 412 Willen
1353 372 1422 411 und
1436 373 1491 411 der
1517 371 1682 420 Gnade,)
1717 374 1787 415 eins

982 409 1081 459 ſeyn,
1080 411 1188 460 auſſer
1205 414 1276 454 dem
1292 414 1501 461 Gregorium
1529 417 1786 459 Ariminenſem,

983 464 1044 503 den
1052 457 1122 510 alle
1141 460 1320 518 verwerfen,
1336 462 1460 517 welcher
1476 463 1529 514 ſie
1524 469 1605 516 auch
1631 474 1672 513 mit
1701 467 1773 522 Recht

981 516 1050 555 und
1071 511 1306 564 nachdruͤcklich
1326 516 1527 570 uͤberweiſet,
1554 521 1619 571 daß
1633 525 1673 571 ſie
1692 520 1788 572 aͤrger

980 568 1036 608 als
1051 566 1255 615 Pelagianer
1279 569 1363 618 ſeyn.
1414 572 1528 615 Denn
1550 574 1606 615 der
1632 576 1726 616 allein
1749 577 1786 623 iſt

982 622 1077 656 unter
1093 619 1152 658 den
1176 619 1439 668 Schullehrern,
1472 623 1572 664 wider
1593 626 1653 665 alle
1675 634 1786 666 neuere

979 667 1217 717 Schullehrer,
1244 678 1303 718 gut
1325 672 1546 722 Auguſtiniſch
1569 679 1635 719 und
1659 678 1782 728 Pauli⸗

974 720 1055 769 niſch
1069 722 1223 766 geſinnet.

1031 776 1082 812 14.
1107 766 1220 810 Denn
1234 768 1284 808 die
1295 769 1499 819 Pelagianer
1507 770 1612 820 haben
1627 781 1715 821 zwar
1728 782 1782 821 ge⸗

978 818 1083 866 ſaget,
1106 821 1170 865 daß
1185 822 1265 869 ohne
1281 825 1331 864 die
1356 825 1480 868 Gnade
1504 828 1555 867 ein
1580 834 1640 871 gut
1669 831 1782 872 Werk

977 870 1140 919 geſchehen
1149 868 1266 922 koͤnne,
1288 874 1363 920 doch
1376 876 1453 917 aber
1462 876 1565 921 haben
1578 880 1617 925 ſie
1626 881 1689 922 das
1699 880 1781 928 nicht

976 918 1132 969 gelehret,
1156 921 1221 969 daß
1240 932 1320 963 man
1344 924 1424 972 ohne
1448 927 1574 971 Gnade
1597 930 1658 969 den
1680 928 1782 976 Him⸗

977 971 1042 1010 mel
1057 972 1210 1019 erlangen
1224 969 1349 1016 koͤnnte.
1423 978 1516 1021 Das
1532 977 1629 1026 ſagen
1643 980 1724 1024 auch
1732 981 1781 1022 die

974 1019 1212 1070 Schullehrer,
1225 1023 1331 1063 indem
1345 1023 1385 1071 ſie
1399 1024 1577 1073 vorgeben:
1605 1037 1685 1068 man
1704 1025 1779 1071 koͤn⸗

975 1081 1015 1111 ne
1032 1074 1095 1113 wol
1112 1072 1192 1121 ohne
1207 1076 1255 1116 die
1275 1074 1398 1118 Gnade
1413 1078 1462 1118 ein
1476 1085 1534 1123 gut
1550 1079 1665 1124 Werk
1687 1081 1778 1130 thun,

975 1123 1054 1166 aber
1068 1126 1134 1167 kein
1149 1127 1363 1176 verdienſtlich
1377 1131 1507 1174 Werk.
1535 1131 1692 1180 Hernach
1699 1134 1779 1181 thun

975 1177 1016 1220 ſie
1031 1175 1108 1219 doch
1131 1177 1240 1224 mehr,
1267 1180 1322 1218 als
1341 1181 1391 1221 die
1413 1180 1640 1229 Pelagianer,
1666 1182 1779 1230 hinzu:

973 1228 1029 1267 der
1050 1226 1189 1274 Menſch
1221 1227 1303 1276 habe
1324 1232 1389 1270 das
1416 1227 1591 1280 natuͤrliche
1612 1233 1780 1280 Eingeben

973 1278 1047 1316 oder
1064 1275 1178 1319 Gebot
1198 1279 1252 1318 der
1273 1278 1427 1324 geſunden
1457 1280 1658 1328 Vernunft,
1701 1287 1778 1325 dar⸗

971 1323 1053 1369 nach
1069 1324 1128 1372 ſich
1143 1327 1199 1368 der
1214 1315 1327 1371 Wille
1344 1323 1537 1376 natuͤrlicher
1554 1331 1673 1379 Weiſe
1699 1333 1780 1379 rich⸗

970 1382 1022 1418 ten
1037 1372 1158 1427 koͤnne;
1183 1380 1227 1419 da
1252 1379 1329 1425 doch
1353 1384 1402 1424 die
1434 1381 1639 1430 Pelagianer
1669 1383 1779 1432 geſagt

969 1427 1091 1473 haben:
1102 1436 1137 1470 es
1153 1430 1233 1478 helfe
1239 1433 1302 1474 das
1309 1433 1417 1483 Geſetz
1427 1435 1575 1478 GOttes
1589 1440 1663 1479 dem
1670 1437 1776 1481 Men⸗

969 1479 1056 1521 ſchen
1069 1480 1155 1521 noch.

1020 1541 1062 1572 15.
1089 1528 1186 1570 Man
1201 1529 1282 1576 darf
1291 1530 1369 1572 aber
1384 1531 1466 1576 nicht
1479 1533 1613 1583 denken,
1637 1535 1703 1583 daß
1717 1537 1770 1585 ſol⸗

967 1580 1021 1626 che
1034 1580 1316 1629 Verwandelung
1341 1582 1398 1629 bey
1419 1585 1523 1627 Ecken
1543 1591 1652 1627 etwas
1673 1593 1772 1630 neues

963 1629 1031 1676 ſey:
1065 1640 1100 1670 er
1123 1631 1161 1677 iſt
1182 1632 1263 1679 dazu
1284 1634 1381 1673 bereit
1400 1636 1467 1674 und
1488 1634 1595 1683 fertig.
1654 1638 1768 1682 Denn

963 1678 1053 1718 einen
1069 1677 1153 1725 Tag
1169 1681 1205 1728 iſt
1219 1692 1253 1721 er
1268 1683 1331 1728 alſo
1347 1681 1512 1730 Gregorio
1526 1689 1592 1726 und
1618 1686 1769 1737 Carlſta⸗

963 1732 1022 1774 den
1032 1730 1242 1779 beygefallen:
1269 1736 1357 1776 einen
1367 1739 1490 1779 andern
1506 1737 1589 1784 Tag
1593 1734 1646 1787 hat
1651 1744 1715 1784 er,
1726 1741 1768 1782 da

963 1790 997 1819 er
1010 1789 1110 1826 gegen
1127 1783 1208 1828 mich
1225 1784 1384 1833 diſputirt,
1411 1787 1487 1828 eben
1496 1789 1555 1829 den
1563 1789 1769 1838 Gregorium

962 1834 996 1870 in
1011 1831 1088 1872 eben
1105 1835 1161 1875 der
1175 1834 1326 1877 Materie
1339 1835 1538 1882 verleugnet,
1566 1835 1660 1889 wegen
1676 1835 1768 1885 eines

959 1879 1169 1930 Hußitiſchen
1186 1883 1349 1930 Artikels,
1382 1889 1435 1928 der
1446 1878 1504 1927 im
1524 1886 1766 1939 Coſtnitzercon⸗

957 1932 1029 1973 cilio
1044 1934 1227 1976 verdammt
1243 1937 1387 1978 worden.
1439 1939 1515 1986 Alſo
1524 1940 1560 1987 iſt
1575 1951 1607 1981 er
1621 1943 1669 1980 ein
1681 1942 1765 1986 rech⸗

958 1989 1006 2023 ter
1020 1983 1269 2031 wunderlicher,
1294 1989 1362 2029 und
1381 1988 1576 2038 deßgleichen
1599 2000 1679 2032 man
1699 2002 1763 2034 we⸗

956 2037 1013 2083 nig
1027 2036 1144 2085 findet,
1170 2039 1378 2088 Diſputator
1389 2042 1473 2086 Eck,
1500 2044 1558 2088 bey
1571 2046 1645 2086 dem
1661 2047 1765 2093 nichts

955 2086 1107 2134 unrechts
1127 2089 1201 2130 oder
1222 2087 1433 2138 gefaͤhrliches
1456 2093 1513 2140 iſt,
1547 2093 1612 2140 daß
1627 2105 1679 2143 er,
1719 2099 1763 2138 da

954 2149 987 2178 er
1004 2135 1057 2184 fuͤr
1075 2141 1123 2181 die
1139 2140 1358 2188 Schullehrer
1375 2144 1504 2191 ſtreitet,
1532 2146 1588 2185 des
1603 2146 1761 2191 Gregorii

952 2189 1172 2238 Ariminenſis
1197 2191 1376 2239 Meynung
1384 2195 1444 2235 mit
1452 2194 1650 2242 Carlſtaden
1659 2199 1759 2240 wider

949 2242 1011 2280 alle
1036 2239 1253 2287 Schullehrer
1268 2241 1450 2290 annimmt,
1489 2241 1555 2283 und
1576 2241 1757 2288 wiederum,

949 2287 1003 2340 fuͤr
1032 2291 1107 2332 eben
1122 2293 1171 2334 die
1185 2293 1422 2342 Schullehrer,
1448 2297 1481 2335 in
1498 2298 1574 2337 eben
1597 2297 1652 2337 der
1673 2296 1767 2343 Sa⸗

949 2342 1020 2388 che,
1046 2341 1096 2388 ihn
1116 2343 1222 2384 wieder
1229 2345 1384 2388 verwirft.
1437 2349 1509 2390 Da
1532 2344 1611 2393 habt
1631 2345 1680 2394 ihr
1696 2349 1748 2388 den

947 2384 1062 2435 Sieg,
1095 2386 1195 2437 deſſen
1217 2390 1276 2441 ſich
1298 2389 1365 2434 Eck
1390 2387 1537 2443 ruͤhmet,
1569 2395 1636 2435 und
1659 2395 1754 2445 ſeiner

1812 321 1919 365 Rotte
1934 322 2036 370 dazu,
2061 323 2127 371 daß
2141 325 2183 372 ſie
2197 325 2330 373 nemlich
2344 328 2409 376 faſt
2422 331 2483 372 alle
2489 331 2621 379 Schul⸗

1813 370 1933 420 lehrer,
1956 374 2006 414 die
2019 374 2061 422 ſie
2073 374 2287 425 vertheidigen
2302 380 2450 426 wollten,
2476 381 2616 426 verleug⸗

1815 432 1894 470 nen,
1906 426 1974 464 und
1990 425 2055 475 auf
2065 428 2118 469 der
2137 427 2378 479 Kirchenlehrer
2391 431 2495 477 Seite
2508 439 2615 476 treten.

1867 485 1914 514 16.
1939 477 2032 521 Wir
2048 477 2152 524 haben
2173 479 2252 521 aber
2266 480 2347 527 auch
2369 482 2518 532 gewußt,
2553 487 2615 536 daß

1815 537 1851 571 zu
1863 526 2086 574 Wittenberg
2093 529 2142 570 die
2155 529 2387 578 Schullehrer,
2411 533 2506 582 wenn
2506 534 2552 584 ſie
2560 538 2617 580 mit

1814 580 1897 624 ihrer
1912 578 2114 627 Finſterniß,
2138 584 2171 621 d.
2185 583 2206 622 i.
2222 585 2303 629 nach
2317 585 2434 634 Ecken,
2458 590 2513 628 dem
2530 590 2615 638 Licht

1814 629 1867 668 der
1896 627 2017 673 Natur,
2044 628 2115 669 dem
2124 628 2323 679 Ariſtoteles,
2340 632 2520 680 verleugnet
2528 633 2613 678 wuͤr⸗

1813 678 1890 724 den,
1918 677 1984 717 wol
1997 673 2133 719 koͤnnten
2151 679 2211 720 mit
2225 683 2284 721 den
2304 680 2563 732 Kirchenlehrern
2572 686 2612 727 ei⸗

1810 725 1867 774 nig
1886 728 2029 769 werden.
2081 730 2172 773 Aber
2186 732 2264 781 dieſe
2280 734 2348 776 Art
2368 743 2405 783 zu
2426 735 2611 783 verleugnen

1808 778 1875 819 und
1891 779 1941 820 die
1955 778 2238 831 Erzverleugnung
2250 783 2367 824 wieder
2376 793 2413 832 zu
2422 785 2610 836 vereinigen,

1808 834 1837 876 ſo
1854 831 1917 872 wir
1937 833 1970 872 in
1984 831 2204 881 Wittenberg
2225 832 2311 879 nicht
2335 835 2485 886 gewußt,
2510 838 2610 887 haben

1815 881 1869 921 wir
1885 883 1917 922 in
1937 880 2055 930 Leipzig
2081 884 2235 931 gelernet,
2268 886 2383 932 welche
2415 890 2477 931 wir
2505 890 2609 939 hiemit

1807 930 1882 978 euch
1896 933 1963 974 und
1977 935 2080 978 allen,
2106 937 2156 977 die
2169 936 2228 983 ſich
2243 936 2387 986 darnach
2400 938 2527 989 ſehnen,
2541 951 2608 988 ger⸗

1805 992 1844 1021 ne
1859 981 2048 1028 mittheilen.
2075 983 2235 1026 Nemlich
2247 987 2333 1035 alſo:

1855 1043 1907 1077 17.
1938 1031 2032 1080 Daß
2061 1042 2141 1074 man
2159 1033 2258 1083 zuerſt
2285 1038 2331 1076 im
2353 1037 2507 1088 Anfange
2526 1040 2606 1082 einer

1807 1079 2031 1131 Diſputation
2047 1083 2133 1125 eines
2140 1087 2263 1127 andern
2274 1076 2376 1138 Saͤtze
2392 1089 2482 1138 heftig
2489 1090 2607 1140 anfech⸗

1809 1138 1858 1180 te,
1883 1135 1951 1175 und
1972 1134 2005 1175 in
2031 1131 2230 1186 oͤffentlichen
2249 1136 2390 1186 Zeddeln
2413 1141 2608 1191 ausſchreye,

1804 1191 1885 1223 man
1899 1186 1993 1225 wolle
2000 1186 2102 1227 wider
2110 1186 2159 1226 die
2167 1196 2245 1228 neue
2254 1188 2347 1237 Lehre
2354 1185 2407 1238 fuͤr
2417 1193 2466 1233 die
2472 1193 2604 1241 Wahr⸗

1805 1232 1868 1279 heit
1881 1235 1939 1275 des
1947 1232 2127 1279 Glaubens
2135 1239 2202 1277 und
2211 1237 2298 1286 Ehre
2312 1241 2367 1279 der
2375 1239 2465 1289 Heil.
2473 1242 2604 1290 Kirchen

1805 1278 1925 1329 ſtehen,
1939 1279 2005 1329 daß
2012 1292 2092 1324 man
2100 1276 2230 1334 daͤchte,
2238 1281 2304 1334 daß
2312 1293 2389 1328 was
2406 1289 2604 1338 ſonderliches

1806 1335 2073 1382 herauskommen
2091 1334 2213 1381 wuͤrde.
2245 1341 2405 1391 Hernach
2415 1346 2493 1387 aber
2507 1346 2564 1394 ſich
2571 1347 2603 1388 in

1804 1390 1858 1428 der
1868 1386 1990 1434 Sache
1998 1383 2167 1437 allmaͤhlig
2176 1392 2243 1431 und
2239 1384 2328 1442 liſtig
2343 1384 2466 1447 aͤndere,
2476 1397 2604 1444 nachge⸗

1797 1444 1855 1484 be,
1880 1440 1947 1481 und
1963 1440 2027 1485 daß
2041 1451 2120 1483 man
2138 1443 2224 1486 nicht
2245 1445 2364 1490 merke,
2397 1447 2527 1497 einerley
2541 1449 2603 1498 veſt

1797 1485 1900 1535 lehre,
1920 1490 1972 1529 und
1990 1489 2049 1539 ſich
2059 1491 2136 1538 doch
2152 1487 2276 1539 ruͤhme,
2302 1492 2367 1541 daß
2382 1504 2466 1535 man
2475 1505 2601 1543 gewon⸗

1800 1545 1860 1581 nen
1873 1539 1968 1586 habe.
2019 1541 2177 1592 Hernach
2190 1543 2269 1591 muß
2285 1554 2366 1586 man
2380 1548 2498 1596 getroſt
2510 1550 2598 1594 glau⸗

1797 1587 1870 1633 ben,
1897 1590 1963 1637 daß
1964 1583 2050 1643 alle,
2066 1592 2113 1633 die
2121 1588 2340 1646 gegenwaͤrtig
2358 1587 2444 1647 ſind,
2460 1601 2520 1641 kein
2546 1601 2596 1642 Ge⸗

1796 1635 1946 1690 daͤchtniß
1962 1643 2035 1683 oder
2054 1645 2196 1691 gemeine
2214 1645 2393 1696 Vernunft
2408 1641 2521 1699 haben,
2539 1649 2595 1699 daß

1797 1698 1876 1728 man
1893 1688 1959 1736 frey
1968 1689 2063 1739 ſagen
2079 1688 2192 1741 koͤnne,
2216 1704 2297 1735 man
2311 1695 2394 1741 habe
2402 1705 2464 1739 von
2473 1698 2597 1747 Anfan⸗

1795 1750 1833 1784 ge
1847 1745 1897 1785 die
1910 1744 2091 1791 Meynung
2102 1744 2239 1795 gehabt,
2264 1751 2333 1790 und
2348 1751 2396 1798 ſey
2409 1752 2492 1791 keine
2512 1760 2598 1799 neue,

1796 1791 1928 1835 ſondern
1942 1795 2009 1835 eine
2021 1796 2087 1837 alte
2099 1795 2215 1844 Lehre;
2240 1797 2319 1844 ohne
2328 1799 2422 1847 indeß
2435 1800 2474 1849 zu
2474 1800 2598 1850 fragen,

1802 1854 1847 1883 wo
1870 1846 1934 1885 das
1960 1853 2057 1893 ganze
2079 1844 2171 1893 Heer
2192 1852 2247 1890 der
2268 1849 2380 1898 Lehrer
2396 1851 2511 1899 bleibe,
2536 1857 2596 1896 das

1791 1902 1871 1933 man
1878 1894 2025 1943 anfangs
2031 1896 2207 1944 verfechten
2218 1903 2346 1941 wollen.
2398 1903 2474 1946 Und
2482 1905 2510 1945 ſo
2518 1906 2556 1950 iſt
2561 1909 2595 1944 es

1789 1947 1851 1987 mit
1863 1949 1918 1989 der
1932 1948 2190 2000 Carlſtadiſchen
2205 1955 2273 1994 und
2289 1954 2453 2003 Eckiſchen
2467 1956 2598 2005 Diſpu⸗

1787 1994 1894 2037 tation
1916 2005 2091 2038 ergangen.

1809 2046 1884 2083 18.
1910 2039 2067 2091 Hernach
2081 2044 2140 2092 hat
2156 2056 2190 2088 er
2203 2045 2264 2096 ſich
2276 2048 2338 2088 mit
2361 2049 2425 2090 mir
2447 2046 2525 2092 uͤber
2542 2053 2598 2092 des

1786 2099 1917 2145 Pabſts
1932 2091 2063 2151 oberſte
2081 2093 2194 2149 Macht,
2219 2099 2317 2146 uͤbers
2333 2104 2509 2154 Fegfeuer,
2525 2108 2609 2157 Ab⸗

1786 2150 1860 2198 laß,
1887 2150 2019 2200 Buſſe,
2045 2152 2187 2196 Gewalt
2206 2157 2292 2196 eines
2317 2160 2407 2204 jeden
2430 2160 2593 2204 Prieſters

1786 2207 1848 2239 von
1860 2196 2013 2245 Suͤnden
2029 2197 2237 2253 loszuzaͤhlen,
2262 2206 2461 2253 eingelaſſen.
2490 2209 2593 2252 Dar⸗

1779 2242 1875 2284 innen
1896 2253 1977 2286 man
1998 2255 2035 2295 zu
2054 2246 2154 2295 ſeiner
2182 2249 2254 2297 Zeit
2274 2250 2361 2297 ſehen
2384 2253 2467 2293 wird
2516 2258 2592 2295 was

1767 2298 1843 2344 wir
1856 2299 1978 2347 gethan
1991 2299 2107 2348 haben.
2158 2303 2271 2346 Denn
2288 2305 2333 2351 ich
2353 2308 2439 2348 kann
2458 2316 2511 2348 von
2529 2303 2592 2350 mir

1767 2340 1798 2397 ſo
1827 2349 1887 2389 viel
1904 2354 1987 2400 nicht
2000 2353 2112 2403 ſagen,
2138 2354 2204 2399 daß
2230 2355 2274 2402 ich
2296 2357 2376 2401 mich
2402 2359 2485 2404 nicht
2508 2362 2594 2407 ſelbſt

1778 2397 1998 2447 auspoſaune.
2047 2400 2252 2452 Unterdeſſen
2267 2402 2379 2454 ſage
2347 2397 2395 2456 ich
2407 2406 2475 2453 nur
2475 2407 2590 2455 dieſes,

2514 2460 2587 2505 daß
