1710 2473
521 254 598 304 52

531 362 680 403 gantur.
710 360 810 397 Nunc
826 363 957 395 tantum
975 368 1120 403 moneo,
1130 366 1168 394 ut
1184 359 1279 408 quod
1294 358 1452 410 ſcriptum
1467 361 1531 406 eſt,

529 411 757 456 attendamus,
773 410 935 456 quamdiu
950 425 1020 450 non
1047 411 1193 457 conſtet,
1220 413 1317 451 aliter
1343 414 1441 452 ſcribi
1465 418 1530 454 de-

529 466 645 505 buiſſe.
695 466 730 502 Si
754 466 945 503 exercenda
970 478 1044 504 erat
1075 467 1110 504 in
1135 466 1300 505 maſculos
1332 468 1530 506 nominandi

528 522 688 566 facultas,
712 523 744 559 &
767 523 809 560 ab
832 536 877 560 eo
890 525 952 573 qui
966 525 1132 565 maſculos
1148 526 1238 565 filios
1257 528 1421 572 haberet;
1444 538 1531 575 ergo

530 578 710 615 nominare
735 579 845 619 noluit
860 582 1033 620 Johannes
1045 581 1170 626 Gaſto,
1192 582 1252 632 qui
1269 582 1434 622 maſculos
1453 585 1531 622 nul-

530 637 585 673 los
608 635 768 680 habebat,
780 635 840 686 qui
860 637 1038 675 fœminam
1060 637 1165 677 filiam
1182 640 1353 679 hæredem
1375 641 1529 680 inſtituit.

528 690 564 729 Si
584 700 697 729 certus
722 692 820 730 datus
849 693 914 730 fuit
933 693 1139 737 ſubſtitutus,
1174 698 1311 743 quoties
1337 698 1529 734 nominatio

527 762 599 787 non
617 751 737 795 fieret;
760 761 845 800 ergo
864 764 942 789 cum
959 755 1133 792 Johannes
1148 758 1256 794 Gaſto
1275 757 1416 796 inſtituit
1432 760 1530 798 Judi-

527 804 623 841 tham
638 807 674 844 in
696 805 797 844 bonis
818 805 893 852 ſuis,
920 808 1029 844 noluit
1049 807 1084 843 in
1107 820 1184 844 eam
1204 810 1363 846 conferre
1384 816 1532 849 hæredi-

526 873 635 901 tatem
665 866 848 905 Comitiſſæ
872 867 1025 906 Ferretti.
1075 869 1163 906 Nam
1183 868 1209 905 ſi
1234 870 1417 913 voluiſſet,
1450 886 1529 907 eam

525 926 684 975 expreſſe
705 928 872 967 debuiſſet
890 937 960 967 tam
977 930 1013 967 in
1032 929 1132 968 bonis
1151 928 1229 973 ſuis,
1254 942 1355 979 quam
1369 932 1404 968 in
1428 935 1529 971 bonis

527 984 711 1023 Comitiſſæ
730 985 873 1025 Ferretti
901 985 1090 1025 inſtituere.
1139 988 1271 1035 Aperte
1299 991 1331 1023 &
1355 988 1527 1036 explicate

524 1036 705 1074 nominare
726 1046 882 1085 oportet,
906 1038 1059 1085 quando,
1078 1041 1297 1088 prætermiſſa
1318 1049 1528 1081 nominatio-

524 1106 582 1138 ne,
606 1105 720 1132 certus
741 1106 836 1135 extat
857 1098 1062 1142 ſubſtitutus,
1098 1100 1153 1137 cui
1183 1100 1222 1136 ſit
1245 1099 1430 1139 deferenda
1452 1106 1528 1142 ſuc-

524 1152 644 1191 ceſſio.
672 1153 813 1202 Itaque
842 1152 1087 1192 nominationis
1105 1155 1185 1192 vice
1210 1152 1305 1205 fungi
1325 1169 1393 1193 non
1414 1166 1527 1206 poteſt

524 1208 616 1246 nuda
635 1208 825 1254 inſtitutio,
859 1209 989 1248 etiamſi
1020 1210 1195 1250 Inſtituens
1216 1220 1355 1261 generali
1377 1220 1526 1253 formula

524 1270 600 1309 uſus
613 1271 730 1320 fuerit,
753 1274 785 1312 &
804 1272 888 1312 nihil
902 1273 1076 1325 ſpeciatim
1091 1275 1230 1320 dixerit,
1255 1285 1368 1312 utrum
1384 1281 1420 1315 in
1438 1294 1524 1328 pro-

523 1325 608 1380 priis
626 1327 742 1375 bonis,
766 1339 810 1368 an
830 1329 935 1369 etiam
961 1329 997 1369 in
1017 1332 1146 1381 alienis,
1157 1336 1356 1396 inſtitueret.

990 1680 1052 1720 19.

595 1724 707 1773 Quod
726 1725 868 1777 quidem
887 1728 1068 1766 theorema
1093 1742 1138 1767 ex
1161 1733 1278 1768 intima
1303 1739 1436 1774 ductum
1464 1752 1520 1786 ju-

517 1776 743 1828 risprudentia
758 1791 926 1819 exornant
938 1786 1089 1819 Gratian.
1102 1790 1243 1832 Diſcept.
1246 1797 1367 1853 forenſ.
1378 1802 1451 1860 cap.
1460 1811 1523 1858 50.

519 1854 552 1877 n.
564 1852 621 1887 23.
642 1843 702 1879 ibi:
729 1845 794 1882 »Et
818 1844 917 1883 minus
935 1836 1101 1900 ſufficeret
1119 1847 1179 1883 iſta
1201 1861 1368 1895 generalis
1385 1863 1520 1888 inſtitu-

515 1895 605 1938 »tio,
629 1898 767 1945 quando
784 1900 859 1950 quis
875 1900 1017 1939 haberet
1028 1903 1224 1948 facultatem
1238 1920 1446 1952 nominandi,
1456 1926 1515 1950 ita,

517 1969 579 2002 »ut
599 1972 670 2000 non
689 1962 776 2002 facta
799 1963 1061 2009 nominatione,
1094 1968 1300 2016 intelligatur
1323 1986 1517 2007 nominatus

1355 2053 1516 2097 »Titius,
