2352 2779
532 221 583 268 D.

227 288 409 340 Dreſchen
427 285 481 332 ſoll
490 285 577 338 Zion
599 285 770 335 Babylon
788 283 857 324 und
868 284 969 326 alles

278 344 312 384 in
322 345 379 381 der
387 338 523 383 Welt/
532 341 574 381 ob
583 339 626 387 ſie
634 339 725 388 ſchon
735 334 816 383 muß
830 337 967 378 leiden/

271 390 342 443 daß
353 390 450 440 beyde
458 390 580 438 Babel
602 397 660 432 und
663 385 757 433 Rom
775 389 841 429 Ihre
839 382 948 441 Rich⸗

270 445 327 489 ter
356 443 460 495 ſeyn/
485 451 561 495 und
580 447 631 493 ihr
647 443 756 492 Reich
768 439 967 495 zuſtoͤhren.

274 493 408 545 Micha.
421 498 459 545 4.
469 505 502 539 v.
517 487 660 541 13.gl.

224 551 411 602 Dreyling
428 551 466 601 iſt
483 551 534 592 ein
548 547 667 597 Maaß
689 549 804 599 dreyer
821 537 968 600 Finger

278 603 372 643 breit.
385 602 463 638 Eſai.
476 601 579 652 40.V.
598 609 652 636 12.
666 596 714 642 gl.

224 647 328 702 Drey
349 647 419 701 und
442 639 537 682 vier
546 635 717 697 Suͤnden
734 638 839 692 Amos
838 624 896 698 iſt
902 646 962 688 ei⸗

264 704 405 750 nerley
414 687 564 748 Suͤnde.
615 699 714 750 Heiſt
729 690 809 744 aber
822 700 855 749 ſo
872 692 970 745 viel/

262 750 353 796 weil
363 748 405 800 ſie
419 742 513 804 ſolche
525 740 612 805 nicht
623 747 735 801 buͤſſen
752 748 831 798 noch
840 750 967 791 erken⸗

259 807 367 852 nen/
391 805 531 854 ſondern
556 808 637 855 noch
653 803 819 854 ruͤhmen/
837 804 968 855 drauff

274 863 412 907 trotzen/
427 858 483 899 als
505 853 622 907 haͤtten
644 857 686 908 ſie
702 856 793 905 wohl
815 855 970 909 gethan.

276 912 439 958 Vorrede
454 914 576 953 Amos.
592 909 662 951 col.
678 921 711 948 I.

226 967 328 1010 Drey
344 959 422 1003 und
436 962 521 1003 vier
536 960 691 1008 machen
706 959 851 1009 ſieben/
870 958 969 999 wel⸗

275 1016 349 1064 ches
373 1011 412 1064 iſt
433 1002 500 1056 das
523 1013 620 1057 Ende
642 1016 700 1056 der
726 1011 817 1063 Zahl
837 1010 872 1053 in
895 1013 967 1053 der

279 1068 464 1122 Schrifft/
476 1073 521 1112 da
532 1079 615 1110 man
629 1068 755 1113 wieder
770 1067 967 1116 umkehret/

275 1119 348 1159 und
358 1116 485 1157 wieder
506 1109 646 1164 anfaͤhet
671 1124 709 1164 zu
729 1111 838 1164 zehlen
854 1111 967 1162 beyde

277 1185 330 1223 die
344 1170 448 1226 Tage
470 1180 540 1221 und
556 1173 745 1229 Wochen;
760 1174 822 1228 (iſt
838 1172 967 1224 heilige

281 1227 393 1269 Zahl)
403 1223 485 1265 ibid.
500 1219 562 1267 col.
577 1227 611 1262 2.

226 1271 438 1321 Drometen
460 1278 529 1318 des
551 1270 765 1325 Koͤniges/
769 1264 900 1326 heiſſen
912 1265 967 1322 die

278 1329 444 1376 lieblichen
467 1327 668 1373 Drometen
695 1326 879 1372 GOttes/
897 1317 967 1377 der

279 1373 325 1421 ſie
342 1379 378 1416 zu
398 1368 536 1413 machen
562 1367 733 1416 befohlen/
760 1366 896 1407 darum
913 1361 969 1421 ſie

277 1424 567 1477 unuͤberwindlich
592 1435 711 1469 waren
742 1425 796 1472 im
815 1416 969 1482 Streit.

277 1482 382 1516 Num.
394 1488 454 1526 23.
466 1480 498 1513 v.
521 1465 666 1521 21.gl.

228 1527 470 1568 Drometen/
497 1521 616 1559 heiſſen
640 1513 723 1557 auch
734 1512 814 1561 das
840 1507 957 1560 Wort

278 1579 460 1625 GOttes/
475 1575 507 1627 ſo
527 1577 561 1618 in
580 1575 699 1628 dieſem
722 1573 857 1622 Volcke
881 1577 957 1618 lau⸗

277 1630 328 1681 ter
361 1638 430 1678 und
471 1631 638 1686 oͤffentlich
663 1632 807 1688 gelehret
844 1633 969 1677 ward.

264 1694 365 1736 ibid.

228 1733 391 1774 Dudaim,
407 1726 506 1781 ſollen
521 1724 597 1782 ſeyn
610 1726 742 1781 Lilien/
766 1727 870 1777 Beere
880 1735 974 1785 oder

278 1790 401 1841 Juͤden
422 1785 586 1850 Kirſchen.
598 1789 718 1842 Geneſ.
731 1800 794 1843 30.
803 1787 884 1840 verſ.
898 1802 959 1840 14.

283 1844 383 1888 gloſſ.

228 1886 388 1936 Duͤnckel
403 1883 481 1931 und
492 1873 611 1940 fuͤhlen
627 1872 687 1941 laß
697 1887 817 1939 fahren
841 1887 875 1928 in
903 1874 957 1929 der

281 1942 469 1994 Schrifft/
485 1936 556 1984 und
572 1943 660 1989 halte
674 1945 812 1987 davon/
822 1941 881 1982 als
892 1948 969 1983 von

286 1996 362 2038 dem
386 1987 640 2041 allerhoͤchſten/
661 1987 801 2040 edelſten
829 1992 969 2049 Heilig⸗

279 2040 389 2097 thum/
387 2047 457 2093 und
474 2054 532 2090 von
550 2048 599 2087 deꝛ
608 2047 845 2099 allerreichſten
845 2046 969 2099 Fund⸗

280 2099 428 2145 Grube/
453 2091 506 2140 die
526 2095 670 2140 nimmer
696 2090 808 2141 gnung
827 2094 969 2148 ausge⸗

280 2145 428 2189 gruͤndet
445 2143 584 2179 werden
604 2145 699 2183 mag.
719 2140 889 2187 Vorrede
901 2143 969 2196 auf

282 2204 349 2246 das
358 2203 427 2245 alte
438 2200 593 2252 Teſtam.
601 2209 679 2247 pag.
687 2206 718 2235 I.

229 2255 458 2311 Duͤrfftigen
480 2255 536 2307 ſoll
560 2253 758 2306 bruͤderliche
779 2249 902 2306 Huͤlffe
925 2256 977 2298 in

278 2310 437 2373 zeitlicher
449 2308 635 2364 Nahrung
646 2303 833 2362 geſchehen.
861 2293 977 2361 Vor⸗

1354 211 1410 266 D.

1032 281 1107 332 rede
1107 281 1181 332 auf
1190 280 1242 324 die
1262 299 1276 324 I
1285 280 1411 334 Epiſtel
1411 280 1466 331 an
1486 281 1538 323 die
1554 279 1714 322 Corinth.

1034 335 1106 374 col.
1115 342 1156 379 4.

980 385 1131 432 Duͤrre/
1137 387 1170 429 in
1180 385 1344 435 derſelben
1355 385 1496 429 bleiben/
1504 385 1571 426 das
1582 385 1635 432 iſt/
1644 394 1712 425 un⸗

1029 442 1126 494 ſeelig
1147 439 1288 483 bleiben.
1338 431 1521 490 Jeremiaͤ.
1535 437 1597 496 17.
1613 436 1649 479 v.
1669 443 1708 481 6.

1027 490 1128 543 gloſſ.

1322 543 1369 594 E.

980 619 1085 726 E

1085 635 1286 690 Braiſten/
1286 633 1597 688 Grammatiſten/
1601 632 1711 678 Rab⸗

1141 696 1304 742 biniſten/
1342 697 1413 745 ſind
1446 698 1480 739 in
1510 687 1713 743 Erklaͤrung

1018 742 1085 789 der
1093 744 1278 799 Schrifft/
1281 746 1347 789 wie
1355 743 1503 793 Thiere/
1516 745 1600 793 ohne
1606 742 1709 786 Ver⸗

1028 802 1143 851 ſtand.
1158 805 1233 847 Jon.
1243 804 1324 841 2.v.
1336 810 1369 845 5.
1382 799 1425 856 gl.

972 846 1077 905 Eck/
1090 849 1209 911 Faber/
1224 847 1340 908 Emſer/
1355 854 1425 904 ſind
1435 851 1485 900 die
1493 843 1530 903 3.
1552 847 1709 903 Froͤſche/

1032 906 1085 949 die
1105 906 1172 951 viel
1187 905 1301 955 gecken
1316 906 1421 947 wider
1435 908 1502 949 das
1522 901 1710 954 Evangeli⸗

1029 966 1116 998 um/
1130 959 1204 999 und
1227 957 1369 1007 ſchaffen
1388 956 1468 1005 doch
1483 950 1633 1009 nichts/
1638 956 1710 995 und

1027 1009 1155 1053 bleiben
1178 1006 1343 1059 Froͤſche.
1357 1009 1488 1048 Præfat.
1515 1007 1552 1048 in
1572 1002 1712 1060 Apocal.

1024 1065 1103 1107 col.
1112 1059 1155 1110 6.

999 1110 1156 1161 Eckſtein
1179 1109 1332 1152 bedeutet
1350 1109 1447 1154 einen
1467 1105 1599 1160 Koͤnig.
1614 1105 1712 1160 Eſai.

1038 1176 1143 1219 19.v.
1161 1182 1221 1215 13.
1228 1169 1280 1216 gl.

967 1207 1111 1254 Edler
1138 1212 1208 1250 und
1225 1209 1344 1251 liebers
1363 1204 1402 1254 iſt
1426 1191 1536 1257 nichts
1552 1202 1634 1255 auff
1644 1203 1714 1248 Er⸗

1041 1275 1098 1316 den
1114 1274 1196 1314 denn
1210 1261 1480 1320 Frauen⸗Liebe/
1492 1257 1578 1316 wem
1576 1259 1637 1323 ſie
1646 1265 1714 1312 kan

1033 1326 1182 1374 werden.
1197 1327 1292 1363 Prov.
1309 1333 1371 1367 31.
1389 1326 1422 1360 v.
1433 1320 1555 1366 10.
1583 1338 1592 1345 gl.

986 1363 1125 1419 Edom
1133 1355 1231 1419 heiſt
1252 1357 1444 1410 rothfarb/
1475 1360 1637 1403 bedeuten
1658 1352 1714 1403 die

1031 1425 1086 1472 H.
1092 1420 1276 1472 Maͤrtyrer
1293 1415 1356 1465 vom
1369 1420 1499 1472 Pabſte
1511 1412 1569 1462 und
1586 1419 1711 1472 ſeinem

1029 1471 1213 1520 Anhange
1212 1461 1432 1524 erwuͤrget.
1449 1460 1614 1517 Vorrede
1641 1468 1716 1526 Da⸗

1025 1512 1120 1547 niel.
1131 1518 1202 1547 col.
1215 1515 1277 1545 26.

981 1563 1189 1623 Edomiter
1186 1563 1333 1626 freueten
1354 1571 1417 1624 ſich
1434 1566 1519 1622 uͤber
1519 1561 1580 1625 der
1585 1565 1714 1624 Juͤden

1034 1624 1261 1680 Gefaͤngniß/
1271 1619 1332 1673 und
1355 1627 1518 1682 ſpotteten
1518 1619 1591 1679 ihr/
1599 1626 1716 1677 (rech⸗

1026 1679 1080 1722 te
1092 1677 1292 1729 Schaden⸗
1296 1678 1466 1727 Frohe)
1470 1674 1639 1727 Vorrede
1669 1676 1713 1725 in

1036 1727 1154 1780 Obad.
1154 1727 1247 1780 col.
1247 1727 1292 1777 I.
1300 1727 1466 1784 Pſalm.I
1476 1727 1639 1784 37.v.7.

985 1786 1173 1839 Egypten
1187 1780 1276 1839 heiſt
1280 1783 1408 1836 Rahab
1433 1790 1501 1829 und
1494 1775 1622 1841 ſtoltz.
1634 1784 1723 1826 Eſai.

1040 1836 1248 1889 30.v.7.gl.

969 1886 1166 1934 Egypter
1173 1880 1347 1932 verachten
1355 1882 1408 1925 die
1417 1878 1561 1935 Juͤden/
1580 1877 1636 1926 als
1644 1878 1717 1932 ihre

1019 1938 1173 1997 Feinde.
1191 1939 1258 1985 Sap.
1272 1938 1330 1981 12.
1339 1934 1371 1989 v.
1384 1944 1447 1983 23.
1459 1929 1511 1983 gl.

969 1992 1162 2048 Egypter
1179 1987 1305 2029 werden
1327 1987 1523 2036 ungerechte
1536 1987 1720 2036 genennet/

1025 2046 1111 2103 weil
1125 2042 1166 2107 ſie
1187 2044 1224 2087 die
1228 2040 1363 2106 Thiere
1370 2039 1565 2105 anbeteten.
1586 2027 1653 2103 Sap.
1685 2038 1719 2086 12.

1040 2100 1076 2133 v.
1088 2105 1149 2140 23.
1160 2092 1214 2139 gl.

991 2145 1182 2203 Egyptier
1198 2148 1384 2194 vermeinte
1406 2124 1610 2182 Geiſtliche/
1634 2115 1723 2180 Pro⸗

1039 2200 1158 2246 pheten
1173 2201 1243 2241 und
1260 2199 1377 2248 Lehrer
1390 2189 1509 2238 waren
1522 2186 1593 2245 ihre
1604 2185 1722 2246 Pfaf⸗

1040 2253 1094 2303 fen
1105 2255 1175 2296 und
1191 2250 1333 2304 Goͤtzen.
1344 2252 1428 2290 Eſai.
1445 2260 1512 2297 19.
1521 2251 1558 2287 v.
1574 2260 1601 2298 3.
1617 2237 1663 2300 gl.

1007 2295 1167 2361 Egypter
1200 2307 1324 2356 hielten
1348 2301 1494 2356 gelehrte
1518 2301 1623 2349 Leute
1648 2303 1723 2348 und

1187 2363 1254 2423 D
1254 2363 1315 2423 3

1619 2360 1726 2408 Buͤ⸗
