2502 2808
626 368 675 417 ſey
703 370 863 415 proprius
884 367 1044 409 ſacerdos,
1070 369 1129 410 obs
1152 372 1206 411 der
1229 368 1424 417 Pfarrherr,

630 422 807 469 Capellan,
833 417 961 467 Kuͤſter,
983 417 1123 467 Moͤnch,
1149 423 1223 461 oder
1238 416 1426 466 Beginnen

631 468 702 516 ſey;
729 468 792 509 wir
807 465 927 516 muͤſſen
941 467 1017 510 aber
1034 469 1174 515 dennoch
1188 471 1312 510 dieweil
1330 469 1427 515 beich⸗

635 527 700 562 ten.
753 520 876 569 Siehe,
887 522 949 561 das
958 521 993 568 iſt
1001 522 1049 563 ein
1060 518 1177 565 Stuͤck
1185 525 1239 564 der
1247 522 1429 571 Reforma⸗

637 572 716 612 tion,
725 577 789 610 aus
799 573 910 612 dieſem
922 571 1028 620 Geſetz
1037 571 1178 619 erfolget.

695 625 744 662 85.
769 618 917 659 Darum
933 617 1015 665 ſollte
1031 621 1085 659 der
1101 618 1213 666 Pabſt
1228 620 1288 661 mit
1300 620 1360 660 den
1376 618 1431 666 ſei⸗

637 672 734 718 nigen
750 674 812 712 das
829 673 925 719 laſſen
941 674 1018 719 ſeine
1033 668 1147 715 Arbeit
1162 673 1243 718 ſeyn,
1257 673 1430 719 auftreten,

638 722 801 768 muͤndlich
821 722 979 770 predigen,
996 724 1061 763 und
1079 724 1150 764 dem
1172 725 1270 767 Volk
1291 727 1339 763 die
1359 724 1432 763 Ge⸗

641 770 717 818 fahr
729 770 796 809 und
811 769 977 815 Schaden
991 771 1045 810 der
1059 765 1212 814 Suͤnden
1233 772 1298 811 und
1320 761 1433 814 GOt⸗

642 828 692 864 tes
700 820 852 866 Gerichte
859 819 1047 871 vorhalten;
1073 821 1232 863 darneben
1241 823 1357 869 preiſen
1365 823 1430 863 und

640 877 733 917 loben
759 875 808 916 die
833 874 1065 917 Sacramente
1087 870 1247 921 goͤttlicher
1273 875 1429 918 Gnaden,

641 923 777 972 daſſelbe
800 923 872 967 ohne
892 915 1036 969 Unterlaß
1051 924 1166 963 immer
1180 924 1341 971 predigen,
1365 925 1431 963 und

641 977 707 1023 alſo
724 978 786 1016 das
800 976 897 1018 Volk
912 987 976 1018 von
991 973 1143 1020 Suͤnden
1152 977 1357 1024 abſchrecken,
1365 977 1431 1014 und

642 1024 814 1071 freundlich
823 1024 919 1069 reizen
935 1033 969 1070 zu
980 1025 1039 1063 den
1050 1021 1312 1071 Sacramenten,
1321 1024 1383 1070 daß
1393 1024 1433 1072 ſie

641 1082 707 1117 aus
722 1074 865 1124 Anſehen
876 1077 961 1120 ihres
970 1076 1157 1123 Schadens
1171 1079 1237 1119 und
1245 1077 1372 1123 Nutzes
1381 1076 1432 1116 be⸗

640 1129 739 1171 wegt,
753 1125 913 1172 williglich
932 1120 1055 1165 kaͤmen.
1132 1126 1204 1168 Da
1237 1124 1371 1167 wuͤrden
1394 1125 1434 1170 ſie

641 1175 724 1215 denn
745 1173 855 1216 GOtt
880 1175 954 1220 hold
966 1175 1033 1214 und
1050 1172 1231 1215 erkenneten
1247 1174 1312 1221 ihre
1328 1174 1435 1216 Untu⸗

639 1225 732 1271 gend,
741 1227 808 1266 und
824 1225 970 1267 GOttes
991 1224 1116 1268 Gnade
1129 1226 1231 1274 recht;
1268 1227 1331 1266 das
1347 1221 1432 1266 wuͤr⸗

639 1282 700 1315 den
713 1281 813 1315 rechte
829 1280 989 1315 Chriſten.

690 1331 744 1368 86.
769 1323 845 1372 Alſo
860 1325 943 1372 ſollte
957 1327 1004 1366 die
1021 1324 1161 1371 Beichte
1176 1325 1243 1373 frey
1262 1323 1382 1366 bleiben
1390 1324 1434 1373 je⸗

638 1374 807 1420 dermann,
824 1375 891 1413 und
908 1373 990 1420 ihrer
1000 1373 1092 1423 Nutz
1100 1374 1199 1415 neben
1209 1376 1263 1416 der
1280 1371 1433 1420 Suͤnden

636 1422 793 1475 Ungluͤck,
801 1426 980 1473 geprediget
993 1427 1132 1468 werden.
1183 1429 1279 1472 Wer
1288 1431 1368 1469 denn
1377 1427 1432 1467 kaͤ⸗

636 1485 699 1523 me,
709 1479 763 1515 der
772 1469 883 1526 kaͤme;
908 1484 975 1516 wer
990 1477 1072 1523 nicht
1080 1470 1183 1524 kaͤme,
1191 1478 1245 1518 der
1254 1477 1352 1518 bliebe
1361 1475 1430 1518 auſ⸗

636 1529 700 1575 ſen.
751 1529 930 1575 Gleichwie
946 1528 992 1572 ich
1007 1531 1113 1569 wollte
1128 1529 1241 1572 rathen
1260 1531 1326 1569 und
1348 1528 1430 1574 prei⸗

636 1579 686 1627 ſen
703 1579 752 1619 die
773 1577 1048 1627 Jungfrauſchaft
1066 1581 1134 1621 und
1154 1579 1359 1627 Keuſchheit;
1383 1578 1429 1623 ich

635 1633 744 1670 wollte
758 1629 798 1678 ſie
812 1629 888 1669 aber
912 1629 977 1677 frey
997 1629 1105 1678 laſſen,
1122 1629 1274 1670 niemand
1288 1628 1429 1674 zwingen

635 1688 712 1721 vom
727 1681 878 1728 ehelichen
893 1679 1048 1724 Stande.
1120 1679 1232 1727 Jtem,
1260 1683 1306 1721 ich
1324 1683 1430 1722 wollte

635 1727 788 1775 predigen
805 1730 864 1769 den
881 1729 1039 1771 Glauben
1055 1729 1121 1769 und
1136 1731 1185 1770 die
1209 1724 1328 1779 Taufe;
1354 1728 1430 1770 aber

636 1779 790 1818 niemand
806 1779 903 1826 darzu
911 1777 1075 1827 zwingen;
1100 1778 1229 1826 ſondern
1239 1777 1430 1826 aufnehmen

637 1834 711 1879 alle,
727 1832 775 1870 die
788 1832 830 1871 da
846 1831 1016 1879 freywillig
1032 1832 1129 1877 darzu
1144 1826 1269 1873 kaͤmen.
1318 1829 1429 1878 Jtem,

635 1880 686 1926 ich
699 1882 805 1920 wollte
817 1882 966 1928 predigen
974 1882 1031 1920 des
1046 1880 1282 1925 Sacraments
1296 1883 1353 1923 des
1367 1882 1429 1925 Al⸗

636 1938 712 1972 tars
727 1931 871 1981 Gnade;
896 1932 973 1972 aber
990 1932 1066 1977 doch
1078 1932 1144 1979 frey
1160 1933 1266 1981 laſſen,
1276 1932 1427 1972 niemand

636 1984 734 2029 darzu
750 1982 900 2029 zwingen.
950 1985 1026 2028 Alſo
1040 1986 1089 2026 die
1097 1984 1236 2030 Beichte
1243 1983 1321 2031 aufs
1335 1987 1426 2026 aller⸗

635 2026 756 2079 hoͤchſte
765 2029 880 2076 preiſen
891 2030 969 2075 (wie
978 2030 1017 2077 ſie
1025 2031 1107 2069 denn
1114 2030 1266 2077 wahrlich
1274 2030 1425 2070 niemand

632 2089 714 2129 mag
729 2089 817 2127 gnug
830 2081 976 2127 preiſen,)
990 2081 1066 2122 aber
1075 2082 1227 2123 niemand
1236 2083 1331 2129 darzu
1338 2083 1425 2123 drin⸗

633 2142 706 2177 gen.
759 2134 883 2179 Siehe,
910 2136 972 2174 das
986 2130 1096 2175 waͤren
1111 2132 1287 2181 paͤbſtliche,
1298 2133 1422 2181 biſchoͤf⸗

631 2183 721 2230 liche,
735 2184 887 2231 geiſtliche
901 2183 1056 2230 Aemter;
1079 2183 1110 2230 ſo
1126 2184 1228 2230 haben
1237 2187 1285 2226 die
1293 2184 1424 2232 Apoſtel

630 2231 750 2279 gethan
772 2234 840 2272 und
863 2233 949 2273 alten
971 2229 1099 2276 Vaͤter.
1157 2234 1292 2276 Glaube
1314 2234 1421 2283 ſicher⸗

628 2285 699 2332 lich,
717 2283 832 2331 welche
846 2285 889 2324 du
905 2284 1014 2330 hiemit
1028 2282 1111 2324 nicht
1126 2284 1355 2333 herzubringeſt
1374 2286 1422 2327 die

627 2335 720 2380 wirſt
728 2335 771 2374 du
793 2335 836 2373 mit
839 2331 987 2375 Geboten
1006 2335 1061 2374 und
1064 2329 1237 2380 Noͤthigen
1235 2326 1317 2381 nicht
1328 2333 1420 2381 ſelig⸗

628 2386 687 2428 lich
697 2386 787 2435 herzu
805 2385 958 2434 bringen:
975 2387 1041 2429 und
1057 2388 1124 2429 will
1134 2388 1180 2431 die
1188 2386 1322 2437 Urſache
1328 2382 1420 2435 groͤb⸗

625 2438 685 2486 lich
700 2437 859 2486 anzeigen.

1505 378 1561 415 87.
1587 369 1675 416 Zum
1683 371 1781 414 erſten
1790 370 1935 419 geſchieht
1944 372 2007 413 das
2023 369 2177 421 Ungluͤck,
2187 374 2250 414 das

1456 417 1602 467 beruͤhret
1617 421 1665 468 iſt.
1717 420 1841 464 Wenn
1862 420 1992 468 jemand
2018 421 2165 467 unwillig
2182 421 2250 461 und

1457 471 1517 510 mit
1536 479 1780 517 gezwungenem
1794 469 1919 518 Herzen
1933 480 1985 519 zur
1993 471 2133 518 Beichte
2147 471 2250 519 gehet,

1458 522 1522 567 daß
1537 521 1685 564 GOttes
1693 522 1808 565 Wort
1821 523 1887 561 und
1897 521 2071 570 Zuſagung
2080 523 2164 562 wird
2177 530 2248 562 ver⸗

1457 570 1574 614 gebens
1584 567 1788 618 verſchuͤttet;
1810 570 1906 617 gleich
1916 573 1969 611 als
1983 580 2077 612 wenn
2091 572 2133 611 du
2150 576 2249 618 guten

1456 624 1646 668 Malvaſier
1656 619 1766 670 goͤſſeſt
1795 617 1827 662 in
1827 624 1875 664 ein
1887 622 1975 671 Faß,
1992 625 2054 665 das
2067 628 2129 665 voll
2136 624 2249 672 Hefen

1457 666 1548 713 waͤre
1555 672 1607 712 bis
1617 670 1695 711 oben
1705 682 1761 712 an.
1813 671 1925 713 Denn
1940 672 1987 712 die
1995 668 2138 720 goͤttliche
2146 672 2248 714 Gna⸗

1457 725 1493 763 de
1510 722 1610 769 ſuchet
1623 724 1688 762 und
1710 723 1831 765 fordert
1852 722 1951 769 ledige
1971 725 2037 763 und
2065 721 2249 769 hungerige,

1448 773 1621 819 begierige,
1636 773 1783 821 durſtige,
1797 773 2008 818 verlangende
2036 774 2174 822 Herzen,
2187 773 2249 813 wie

1457 827 1583 868 Maria
1599 824 1683 869 ſingt
1698 824 1773 865 Luc.
1783 836 1809 871 I,
1829 835 1880 870 53:
1907 825 1968 867 Er
1982 827 2046 871 hat
2067 824 2249 875 geſaͤttiget

1458 874 1523 909 mit
1538 867 1688 912 Guͤtern
1708 872 1763 909 die
1787 869 2027 918 Hungerigen.
2100 870 2249 912 Darum

1457 931 1535 970 mag
1544 923 1596 964 der
1603 921 1686 968 nicht
1695 922 1773 970 ohne
1782 922 1948 968 Schaden
1962 924 2108 971 beichten,
2117 925 2171 964 der
2179 924 2250 963 lau⸗

1459 980 1505 1014 ter
1517 980 1583 1015 aus
1609 974 1722 1016 Gebot
1743 977 1809 1016 und
1833 975 1945 1022 Noth,
1961 977 2027 1015 und
2042 977 2123 1023 (wie
2144 976 2183 1023 ſie
2199 976 2249 1023 ſa⸗

1459 1033 1537 1070 gen,
1553 1030 1618 1063 aus
1632 1023 1817 1069 Gehorſam
1838 1026 1893 1066 der
1921 1023 2047 1070 Kirche,
2076 1024 2160 1070 nicht
2183 1030 2248 1065 aus

1458 1062 1627 1120 Begierde
1642 1073 1710 1113 und
1725 1070 1872 1119 Sehnen
1885 1072 1965 1122 nach
1978 1074 2031 1115 der
2045 1071 2168 1115 Gnade
2179 1072 2250 1122 hin⸗

1460 1134 1495 1165 zu
1510 1126 1614 1165 gehet.

1506 1172 1557 1208 88.
1583 1153 1783 1212 Derhalben
1794 1165 1874 1207 auch
1889 1165 1973 1205 mein
1981 1171 2085 1207 treuer
2092 1164 2191 1211 Rath
2191 1165 2251 1211 iſt,

1461 1224 1511 1264 ein
1531 1225 1674 1271 jeglicher
1700 1220 1791 1272 pruͤfe
1824 1224 1883 1272 ſich
1914 1231 2028 1273 zuvor,
2052 1232 2186 1265 warum
2217 1234 2250 1264 er

1461 1276 1598 1321 beichten
1616 1279 1720 1316 wolle.
1769 1274 1868 1321 Thut
1883 1280 1935 1315 ers
1950 1286 2013 1315 nur
2028 1286 2085 1315 um
2099 1276 2251 1318 Gebotes

1459 1327 1576 1370 willen,
1588 1327 1655 1365 und
1667 1327 1728 1373 ſein
1747 1325 1835 1373 Herz
1849 1326 1952 1373 ringet
1967 1327 2033 1367 und
2048 1327 2156 1377 ſeufzet
2168 1328 2251 1374 nicht

1459 1376 1541 1421 nach
1561 1374 1667 1423 Huͤlfe
1685 1372 1847 1423 goͤttlicher
1870 1376 2038 1428 Gnaden;
2074 1379 2129 1419 der
2152 1377 2251 1419 bleibe

1459 1437 1521 1468 nur
1534 1426 1641 1467 davon
1658 1425 1737 1474 frey,
1763 1426 1837 1474 laſſe
1855 1428 1966 1477 Pabſt
1980 1430 2039 1469 mit
2051 1429 2163 1475 ſeinem
2175 1427 2249 1471 Ge⸗

1459 1478 1513 1519 bot
1526 1477 1584 1523 ſich
1599 1478 1682 1524 nicht
1696 1478 1791 1524 irren,
1809 1477 1858 1518 bis
1874 1470 1921 1527 daß
1945 1490 1976 1520 er
1983 1480 2042 1524 ſich
2051 1476 2136 1527 fuͤhle
2144 1478 2248 1525 hung⸗

1457 1527 1508 1571 rig
1524 1529 1590 1566 und
1617 1527 1753 1574 begierig
1775 1522 1938 1573 goͤttlicher
1962 1528 2082 1576 Huͤlfe,
2104 1531 2172 1569 und
2194 1531 2250 1569 der

1456 1572 1608 1619 Suͤnden
1627 1579 1692 1616 aus
1719 1563 1844 1616 Grund
1865 1575 1950 1623 feind
1970 1577 2089 1616 werde.
2139 1575 2250 1619 GOtt

1457 1628 1514 1669 hat
1525 1637 1633 1675 gerne,
1659 1627 1724 1675 daß
1749 1638 1828 1670 man
1849 1629 1907 1676 ſich
1922 1640 1958 1679 zu
1971 1629 2040 1678 ihm
2063 1625 2148 1679 fuͤge.
2198 1631 2247 1673 Er

1456 1680 1532 1726 hats
1544 1679 1625 1726 auch
1641 1688 1780 1727 ungern,
1789 1682 1855 1722 und
1865 1680 1975 1728 ſtrafet
1988 1682 2136 1728 greulich.
2158 1680 2248 1724 Ger⸗

1456 1739 1495 1770 ne
1511 1729 1568 1773 hat
1581 1734 1644 1777 ers,
1660 1729 1691 1776 ſo
1706 1738 1784 1769 man
1801 1730 1945 1780 herzliche
1958 1728 2064 1781 Huͤlfe
2073 1733 2138 1773 und
2147 1730 2249 1774 Gna⸗

1457 1782 1494 1818 de
1510 1779 1672 1828 begehret:
1708 1778 1868 1828 Ungerne,
1884 1789 1979 1821 wenn
1999 1787 2034 1821 es
2053 1788 2118 1823 aus
2132 1782 2248 1829 Noth,

1457 1831 1587 1877 Gebot,
1616 1832 1683 1871 und
1708 1830 1787 1879 ohne
1806 1834 1861 1873 der
1883 1830 1989 1881 Huͤlfe
2004 1833 2172 1880 Begierde
2191 1842 2245 1878 ge⸗

1454 1882 1575 1928 ſchieht.
1625 1883 1716 1925 Aber
1731 1893 1799 1924 nun
1815 1883 1853 1930 iſt
1867 1892 1904 1933 zu
1923 1879 2078 1932 fuͤrchten,
2099 1883 2165 1932 daß
2184 1893 2247 1929 gar

1454 1933 1561 1978 wenig
1583 1934 1617 1974 in
1637 1934 1692 1971 der
1714 1933 1834 1982 Faſten
1856 1939 1922 1975 aus
1945 1935 2058 1984 ſolcher
2077 1934 2245 1984 Begierde

1453 1982 1602 2028 beichten.
1653 1983 1763 2025 Denn
1786 1992 1839 2022 wo
1854 1982 1894 2028 ſie
1912 1988 1948 2024 es
1971 1988 2036 2025 aus
2053 1981 2246 2031 Begierden

1453 2035 1506 2075 der
1530 2028 1637 2081 Huͤlfe
1651 2027 1773 2081 thaͤten,
1781 2027 1914 2074 wuͤrden
1929 2031 1968 2082 ſie
1982 2033 2063 2082 auch
2080 2034 2183 2082 auſſer
2191 2035 2246 2074 der

1451 2084 1572 2132 Faſten
1587 2086 1666 2130 ohne
1687 2084 1799 2127 Gebot
1817 2083 1965 2131 beichten,
1987 2094 2049 2132 gar
2067 2085 2169 2131 nichts
2185 2085 2251 2134 auf

1452 2139 1501 2177 die
1523 2138 1662 2184 Faſten,
1688 2137 1822 2185 Gebot,
1850 2137 1923 2187 Zeit
1946 2141 2017 2181 oder
2035 2132 2157 2186 Staͤtte
2171 2142 2244 2186 acht

1451 2186 1565 2233 haben.
1641 2185 1735 2231 Nun
1754 2187 1795 2235 ſie
1818 2188 1895 2228 aber
1918 2187 1982 2228 das
1998 2187 2135 2229 nimmer
2151 2185 2243 2235 thun,

1450 2233 1516 2274 und
1523 2235 1577 2273 der
1585 2230 1705 2280 Faſten
1713 2232 1794 2278 auch
1802 2234 1867 2274 wol
1874 2232 1969 2273 lieber
1977 2233 2128 2281 gerathen
2137 2229 2243 2281 moͤch⸗

1463 2299 1512 2331 ten,
1542 2290 1599 2330 iſts
1632 2290 1682 2329 ein
1701 2288 1845 2336 Zeichen,
1870 2288 1935 2337 daß
1957 2291 1998 2339 ſie
2022 2295 2087 2330 aus
2109 2289 2241 2336 Zwang

1449 2335 1636 2386 paͤbſtliches
1653 2339 1785 2382 Gebots
1807 2339 1955 2383 beichten.
2007 2341 2100 2384 Das
2115 2343 2152 2391 iſt
2160 2341 2243 2386 nicht

1448 2392 1580 2441 anders,
1604 2391 1686 2435 denn
1703 2391 1735 2433 in
1748 2392 1831 2434 allen
1857 2390 1968 2442 Unfall
1977 2392 2035 2443 ſich
2051 2392 2169 2435 treiben
2181 2392 2242 2441 laſ⸗

1446 2445 1507 2484 ſen.
