1864 2829
580 367 678 410 288

802 358 981 420 Zweyter
981 358 1131 420 Theil.
1131 358 1288 420 Achtes
1288 358 1461 420 Capitel.

631 459 665 501 4)
682 457 743 497 Die
759 458 892 494 Genitivi
915 461 946 495 in
961 461 1029 500 ius,
1050 460 1104 497 als
1117 463 1206 494 unius
1221 473 1276 495 cet.
1292 463 1391 501 haben
1409 467 1472 500 das
1487 466 1496 496 i
1511 465 1577 509 kurz
1599 467 1663 501 und

676 505 759 544 lang.
802 506 890 546 Doch
907 504 938 541 in
953 505 1040 538 ſolius
1058 509 1122 543 und
1137 508 1211 539 alius
1225 508 1259 548 iſt
1275 511 1306 543 es
1324 510 1427 545 immer
1442 508 1526 552 lang,
1549 513 1614 546 und
1630 511 1664 545 in

674 550 797 581 alterius
818 549 892 588 kurz.

631 587 667 628 5)
688 586 773 617 Eheu
790 587 844 628 hat
864 588 909 621 die
924 587 993 628 erſte
1009 584 1111 632 Sylbe
1128 588 1222 632 lang:
1244 586 1304 620 ohe
1320 588 1394 632 lang
1411 591 1473 625 und
1491 589 1569 633 kurz.

628 636 664 675 6)
685 634 747 671 Die
770 634 906 677 Vocativi
929 636 1000 675 Cai,
1025 638 1148 676 Vultei,
1177 631 1305 683 Pompei,
1334 641 1398 671 und
1413 639 1459 672 die
1473 640 1555 673 alten
1571 640 1664 675 Geni-

675 680 723 711 tivi
741 680 771 713 in
787 682 822 718 ai,
841 680 893 713 als
911 681 986 713 aulai
1007 690 1062 712 cet.
1082 682 1180 721 haben
1196 683 1239 717 die
1254 682 1388 725 vorletzte
1405 683 1508 732 Sylbe
1523 684 1609 726 lang.

630 725 666 766 7)
681 726 724 756 O!
744 732 800 757 vor
814 728 905 759 einem
921 725 1025 762 Vocal
1041 725 1073 768 iſt
1086 726 1159 767 lang
1176 729 1240 761 und
1255 727 1330 768 kurz.

672 766 743 797 Not.
757 766 789 802 1)
812 757 864 805 Das
881 761 926 811 Jod
949 765 1025 806 ſteht
1038 764 1177 807 zuweilen
1194 764 1247 803 als
1262 766 1308 802 ein
1316 765 1438 806 Vocal:
1453 764 1575 810 folglich
1583 768 1662 811 kurz,

719 808 770 842 als
789 810 876 841 Mart.
893 810 985 841 Cãius
1002 819 1074 840 ecce
1090 811 1176 841 iacet.

673 847 713 890 2)
734 849 804 884 Wir
822 849 955 890 ſprechen
973 850 1044 884 viele
1054 849 1177 890 Sylben
1189 852 1278 892 durch
1295 855 1356 888 eine
1372 850 1440 889 uͤble
1457 852 1660 897 Gewohnheit

719 895 792 938 lang
809 899 885 938 aus,
902 899 947 933 die
962 899 1027 942 kurz
1044 899 1118 940 ſind,
1142 901 1196 935 als
1214 900 1368 942 Andreas,
1389 902 1457 934 idea
1473 912 1530 936 cet.

692 976 752 1010 VI.
780 971 870 1021 Jede
887 972 979 1019 kurze
994 971 1161 1023 Endſylbe
1176 973 1265 1016 eines
1279 972 1408 1017 Worts,
1457 973 1503 1015 die
1520 975 1579 1026 ſich
1598 973 1663 1027 auf

587 1021 679 1060 einen
696 1020 933 1070 Conſonanten
950 1022 1075 1071 endigt,
1100 1024 1185 1062 wird
1201 1023 1293 1073 lang,
1317 1032 1413 1069 wenn
1429 1029 1491 1065 das
1507 1026 1660 1077 folgende

586 1074 693 1115 Wort
705 1075 761 1124 ſich
772 1073 834 1113 mit
850 1076 953 1115 einem
965 1074 1204 1125 Conſonanten
1213 1075 1369 1126 anfaͤngt,
1386 1085 1410 1125 z.
1421 1075 1465 1116 E.
1474 1068 1550 1129 quid
1558 1081 1658 1118 ruis?

689 1167 767 1200 VII.
789 1157 859 1202 Die
877 1161 1079 1211 griechiſchen
1107 1156 1229 1214 Woͤrter
1241 1157 1371 1218 behalten
1396 1159 1462 1219 ihre
1479 1153 1660 1216 griechiſche

585 1217 794 1264 Quantitaͤt,
827 1219 926 1266 daher
950 1222 987 1268 iſt
1002 1232 1027 1268 z.
1039 1219 1083 1262 E.
1103 1224 1150 1260 die
1166 1221 1313 1268 vorletzte
1325 1223 1443 1271 Sylbe
1463 1225 1497 1264 in
1510 1225 1656 1268 idolum,

584 1268 690 1306 Nilus
700 1276 766 1303 cet.
778 1267 868 1314 lang,
882 1269 914 1306 in
926 1268 1063 1313 exodus,
1074 1269 1274 1313 methodus,
1286 1269 1448 1319 periodus
1456 1277 1523 1309 cet.
1541 1274 1627 1320 kurz.

687 1360 776 1396 VIlI.
789 1354 957 1403 Zuweilen
965 1357 1166 1406 gebrauchen
1176 1358 1224 1400 die
1232 1359 1374 1407 Dichter
1384 1361 1450 1401 eine
1461 1360 1550 1409 kurze
1560 1361 1658 1412 Syl⸗

583 1408 621 1448 be
635 1407 727 1455 lang,
750 1404 786 1460 z.
803 1404 840 1451 E.
850 1411 948 1455 1)die
964 1415 1040 1462 erſte
1059 1412 1178 1460 Sylbe
1192 1413 1310 1463 langer
1320 1414 1477 1464 Woͤrter,
1493 1417 1546 1455 als
1557 1417 1657 1455 Pria-

582 1464 679 1497 mides
690 1464 781 1506 Virg.
795 1462 922 1497 Italiam
936 1463 1031 1509 Virg.
1089 1470 1123 1510 2)
1135 1465 1205 1506 Die
1213 1465 1380 1514 Endſylbe
1389 1465 1487 1509 vieler
1500 1467 1655 1515 Woͤrter,

580 1517 606 1555 z.
623 1510 665 1549 E.
682 1511 786 1558 ſubiit
799 1509 901 1547 Ovid.
929 1512 1097 1560 Faunique
1115 1513 1165 1548 Id.
1187 1513 1344 1559 zuweilen
1365 1514 1445 1557 auch
1469 1516 1541 1553 eine
1557 1513 1655 1562 lange

579 1560 695 1610 Sylbe
711 1561 799 1608 kurz,
816 1560 870 1599 als
876 1562 1098 1612 ſteteruntque
1113 1574 1244 1608 comae,
1265 1560 1394 1617 Virg.

682 1648 738 1683 IX.
764 1643 862 1690 Noch
877 1641 946 1693 ſind
965 1651 1052 1694 zwey
1068 1641 1315 1697 Huͤlfsmittel,
1373 1646 1409 1696 1)
1427 1652 1481 1690 der
1498 1645 1653 1699 Accent,

580 1700 619 1747 2)
638 1699 686 1738 die
704 1696 911 1750 Analogie.

619 1758 654 1799 1)
674 1758 740 1796 Der
764 1759 884 1792 Accent
903 1758 983 1793 kann
1004 1758 1085 1801 nicht
1104 1758 1221 1798 uͤberall
1242 1755 1311 1798 eine
1330 1761 1433 1805 ſichere
1454 1760 1550 1805 Regel
1568 1764 1651 1805 ſeyn,

663 1805 732 1839 weil
742 1806 800 1839 wir
809 1806 867 1840 viel
875 1806 1002 1848 Sylben
1010 1809 1067 1842 mit
1081 1809 1212 1848 falſchen
1228 1808 1337 1844 Accent
1349 1809 1565 1850 ausſprechen,
1578 1819 1600 1853 z.
1611 1809 1650 1846 E.

660 1842 768 1886 bonus,
792 1846 921 1886 homini,
953 1850 1007 1883 als
1031 1850 1069 1884 ob
1085 1850 1129 1884 die
1148 1848 1216 1891 erſte
1232 1851 1336 1892 Sylbe
1351 1852 1425 1894 lang
1441 1847 1535 1893 waͤre,
1554 1853 1651 1884 homi-

661 1888 761 1927 nibus,
781 1888 833 1925 als
849 1891 888 1924 ob
907 1891 948 1923 mi
963 1893 1036 1931 lang
1051 1889 1141 1928 waͤre.
1187 1894 1257 1930 Wir
1275 1893 1456 1934 beobachten
1472 1896 1527 1930 den
1538 1898 1650 1933 Accent

663 1938 725 1966 nur
738 1931 768 1965 in
786 1935 838 1966 der
853 1933 1010 1976 vorletzten
1018 1925 1180 1976 Sylbe
1139 1930 1190 1980 der
1188 1934 1324 1976 Woͤrter,
1343 1936 1387 1972 die
1401 1938 1485 1978 mehr
1498 1937 1551 1972 als
1557 1944 1650 1980 zwey⸗

658 1978 756 2020 ſylbig
773 1978 861 2019 ſind,
888 1981 943 2015 als
958 1984 1075 2019 amāre,
1099 1982 1226 2019 docēre,
1247 1983 1363 2021 audĩre,
1382 1985 1499 2022 legĕre,
1522 1984 1648 2024 homĭni,

659 2021 835 2054 hominĭbus
852 2021 910 2054 cet.
953 2020 1067 2063 Daher
1083 2024 1155 2066 hilft
1169 2027 1220 2059 der
1233 2026 1342 2061 Accent
1357 2018 1457 2061 nur
1418 2016 1450 2068 in
1463 2021 1505 2066 der
1509 2027 1649 2068 vorletz⸗

657 2070 708 2100 ten
724 2065 830 2106 Sylbe
852 2069 903 2099 der
922 2064 1004 2107 mehr
1020 2066 1074 2101 als
1095 2067 1309 2111 zweyſylbigen
1328 2062 1463 2108 Woͤrter.
1510 2071 1648 2114 Folglich

657 2107 729 2147 muß
747 2117 818 2143 man
835 2109 954 2150 darauf
965 2111 1088 2151 bedacht
1105 2112 1184 2152 ſeyn,
1201 2106 1263 2153 daß
1274 2121 1347 2149 man
1364 2111 1417 2148 die
1427 2114 1544 2156 Sylbe,
1559 2119 1646 2150 deren

658 2147 834 2189 Quantitaͤt
853 2160 927 2185 man
955 2153 1047 2192 durch
1071 2156 1126 2188 den
1139 2157 1247 2190 Accent
1267 2155 1366 2196 wiſſen
1387 2153 1469 2195 will,
1498 2165 1547 2190 zur
1574 2160 1648 2191 vor⸗

657 2194 757 2233 letzten
772 2193 855 2226 eines
872 2192 964 2236 drey⸗
980 2197 1052 2229 oder
1071 2194 1288 2238 mehrſylbigen
1302 2199 1418 2233 Worts
1430 2190 1542 2235 mache,
1565 2198 1646 2240 folg⸗

657 2237 712 2276 lich
737 2239 795 2271 das
811 2239 904 2273 Wort
921 2247 971 2272 um
997 2239 1058 2273 eine
1073 2242 1144 2275 oder
1158 2239 1242 2281 mehr
1256 2241 1380 2283 Sylben
1398 2237 1551 2283 verkuͤrzen
1571 2245 1645 2277 oder

655 2276 851 2319 verlaͤngern:
875 2291 903 2319 a)
918 2281 1117 2320 verkuͤrzen,
1136 2290 1158 2324 z.
1171 2284 1208 2319 E.
1226 2283 1289 2318 aus
1301 2283 1472 2317 hominibus
1486 2286 1585 2323 mache
1600 2286 1646 2325 ich

655 2324 789 2362 homini,
823 2326 854 2365 ſo
878 2325 958 2364 finde
980 2326 1042 2366 ich,
1063 2325 1126 2366 daß
1147 2329 1189 2362 mi
1210 2327 1277 2369 kurz
1298 2328 1347 2369 iſt:
1376 2331 1438 2363 aus
1459 2330 1646 2367 amaviſſetis,

639 2364 805 2403 adulator,
832 2365 952 2398 audacia
970 2374 1027 2398 cet.
1053 2365 1152 2410 macht
1167 2367 1209 2413 ich
1244 2364 1347 2417 amāvi,
1370 2364 1490 2418 adūlor,
1508 2372 1642 2404 audācis:

1521 2420 1645 2457 b)ver⸗
