2793 3424
321 217 562 285 Wohlfarth
579 220 727 285 ſehen/
737 230 823 278 und
839 224 1034 283 uͤbrigens
1051 234 1169 277 eures
1183 229 1309 276 Am̃ts
1327 230 1549 285 auffrichtig
1561 229 1680 282 wahr
1690 228 1862 279 nehmen

318 291 478 330 werdet.
521 282 610 337 Jhr
619 281 704 338 ſeyd
712 285 756 328 es
765 280 821 335 ja/
845 276 905 334 die
893 289 993 327 man
1009 282 1109 333 nicht
1128 282 1342 333 entrathen
1351 278 1458 333 kan/
1454 292 1575 329 wenn
1593 284 1742 329 anders
1761 281 1860 331 Kir⸗

319 347 407 386 chen
424 342 508 381 und
533 322 734 393 Schulen/
742 326 1645 390 Cantzeleyen/Ammt⸗ und Rath⸗Haͤuſern/
1674 334 1748 381 wie
1763 331 1862 386 auch

319 402 407 443 dem
425 398 593 449 uͤbrigen
610 395 812 450 gemeinen
833 387 999 450 Weſen/
1015 391 1187 448 nuͤtzliche
1201 396 1302 440 und
1314 393 1646 449 hochverſtaͤndige
1670 394 1860 445 Maͤnner

317 454 433 503 ſollen
449 454 641 508 erzogen/
643 449 728 495 und
742 449 800 495 die
816 447 1061 495 Hierarchia
1087 449 1131 494 in
1147 454 1286 499 gutem
1296 448 1560 502 Wohlſtande
1569 449 1747 500 erhalten
1755 456 1863 496 wer⸗

316 515 405 554 den.
461 509 556 557 Der
574 516 647 555 um
666 507 723 553 die
746 506 915 562 gelehrte
945 507 1128 559 Teutſche
1155 507 1272 554 Welt
1298 507 1584 557 hochverdiente
1608 507 1754 556 Mann
1776 508 1863 556 und

317 567 564 618 Præceptor,
585 560 801 617 Philippus
819 560 1134 606 Melanchthon,
1144 560 1321 616 ſchreibet
1339 570 1394 607 an
1412 562 1539 608 einem
1554 563 1711 617 Orthe:
1739 566 1862 604 Nemo

310 620 451 664 melius
468 619 514 648 de
522 614 664 663 patria
679 617 865 648 meretur,
884 620 1012 660 quam
1036 606 1141 647 rudis
1155 609 1337 663 pueritiæ
1348 606 1567 661 formator,
1591 608 1702 648 modo
1726 609 1905 651 doctus

317 685 368 727 &
384 679 544 732 integer.
591 677 664 737 Jſt
681 687 733 735 zu
749 678 912 735 Teutſch
928 678 966 734 ſo
968 679 1058 729 viel
1073 677 1252 735 geſaget:
1278 673 1521 729 Niemand
1538 675 1764 730 verdienet
1776 675 1861 742 ſich

316 739 447 806 beſſer
463 750 542 794 um
560 740 652 795 das
669 737 966 801 Vaterland,
985 729 1054 798 als
1079 741 1176 797 der,
1195 736 1239 803 ſo
1260 738 1332 794 die
1354 736 1466 802 rohe
1494 734 1689 804 Jugend
1710 744 1861 795 unter⸗

316 806 486 871 weiſet,
502 813 637 860 wenn
655 815 700 858 er
717 815 804 859 nur
824 805 966 871 darzu
992 802 1196 870 geſchickt
1226 808 1321 861 und
1346 805 1497 872 dabey
1510 804 1773 870 auffrichtig
1793 808 1865 865 iſt.

315 873 496 928 Welches
523 873 627 919 denn
646 870 746 922 nicht
763 880 848 920 nur
862 877 945 918 von
962 870 1087 919 denen
1102 869 1268 929 Herren
1283 871 1582 917 Profeſſoribus
1597 872 1694 925 auff
1708 867 1863 916 Acade-

316 935 426 970 mien
442 937 490 979 zu
506 925 702 980 verſtehen
719 924 803 978 iſt/
835 923 1003 980 ſondern
1029 924 1125 977 auch
1150 932 1233 971 von
1253 926 1377 972 denen
1394 928 1438 974 in
1453 919 1526 973 den
1544 922 1863 980 allergeringſten

316 987 524 1043 Schulen/
546 988 593 1044 da
610 987 678 1033 der
694 987 789 1044 erſte
812 987 971 1035 Grund
993 994 1089 1042 zum
1113 982 1456 1038 Chriſtenthum/
1472 989 1514 1034 in
1539 982 1795 1038 Sprachen/
1818 988 1863 1035 in

316 1039 733 1100 Kunſt ⸗ Ubungen/
767 1043 856 1089 und
882 1043 1037 1089 andern
1060 1040 1418 1094 Geſchicklichkeiten
1441 1040 1556 1096 mehr
1570 1038 1720 1095 geleget
1743 1043 1863 1090 wird.

316 1102 419 1147 Will
438 1109 523 1148 aber
546 1109 617 1150 ein
631 1102 889 1143 Schulmann
920 1101 1031 1141 ſeiner
1052 1091 1205 1148 Pflicht
1222 1097 1365 1144 gemaͤß
1398 1091 1600 1140 handeln/
1648 1094 1734 1137 und
1763 1095 1864 1139 nicht

314 1162 398 1200 nur
419 1152 620 1203 doctrinâ,
636 1154 713 1199 mit
727 1154 905 1207 richtiger
923 1147 1290 1207 Unterweiſung/
1302 1153 1472 1207 ſondern
1505 1148 1600 1202 auch
1626 1154 1867 1203 diſciplinâ,

316 1211 390 1259 mit
406 1209 554 1265 billiger
573 1208 725 1267 Zucht/
745 1210 821 1265 ſein
868 1211 982 1258 Ammt
994 1209 1244 1261 verrichten/
1259 1208 1297 1262 ſo
1318 1210 1430 1263 gehet
1454 1215 1498 1260 es
1509 1212 1559 1262 ſo
1574 1213 1654 1259 leer
1670 1212 1770 1261 nicht
1790 1205 1862 1257 ab/

315 1265 410 1321 ſeine
427 1264 673 1319 Geſundheit
691 1264 777 1311 und
792 1260 1114 1318 Leibes⸗ Kraͤffte
1129 1265 1291 1312 werden
1315 1259 1492 1311 daruͤber
1514 1263 1747 1319 verzehret/
1783 1262 1864 1319 daß

316 1319 499 1370 mancher
512 1325 589 1364 vor
608 1321 677 1364 der
692 1315 782 1374 Zeit
797 1319 874 1364 mit
892 1319 966 1363 den
983 1318 1147 1372 heiligen
1162 1314 1413 1371 Maͤrtyrern
1441 1310 1518 1373 ſein
1542 1316 1670 1366 Leben
1693 1317 1899 1369 endigen

315 1378 400 1424 und
415 1375 566 1433 ſterben
581 1375 698 1430 muß.
749 1377 868 1425 Sind
888 1377 986 1424 aber
1006 1377 1064 1423 die
1080 1371 1248 1431 heiligen
1262 1376 1478 1425 Bekenner
1507 1380 1576 1425 der
1588 1376 1715 1430 Lehre
1729 1373 1861 1431 JEſu

316 1433 467 1489 Chriſti
482 1435 602 1486 durch
618 1436 691 1480 den
710 1432 896 1490 Heiſigen
914 1433 1026 1486 Geiſt
1040 1433 1238 1486 verſichert
1257 1427 1456 1486 geweſen/
1468 1434 1546 1486 daß
1560 1434 1609 1485 ſie
1642 1427 1723 1482 nach
1744 1434 1861 1484 ihrer

316 1486 660 1541 ausgeſtandenen
675 1484 849 1537 Marter
872 1496 942 1533 von
967 1481 1044 1537 der
1042 1485 1171 1549 Hand
1192 1487 1262 1535 des
1286 1487 1450 1542 HErrn
1465 1492 1547 1536 eine
1569 1484 1695 1538 ſchoͤne
1719 1488 1863 1537 Crone

316 1544 569 1601 bekommen/
601 1542 687 1587 und
696 1540 791 1596 ſtatt
806 1542 876 1587 des
889 1537 1038 1595 kurtzen
1054 1536 1191 1587 Leides
1201 1541 1321 1594 ewige
1329 1532 1684 1597 unausſprechliche
1702 1540 1861 1597 Freude

314 1599 502 1657 genieſſen
515 1601 656 1656 ſollen;
712 1601 803 1657 Ey!
844 1602 882 1656 ſo
898 1595 997 1656 haben
1030 1595 1120 1655 ſich
1122 1599 1270 1653 Lehrer
1285 1604 1327 1647 in
1343 1601 1538 1650 Schulen
1551 1600 1681 1648 nichts
1700 1603 1862 1647 minder

314 1655 451 1709 ſolches
470 1654 566 1707 auch
583 1645 881 1708 anzunehmen/
894 1655 980 1700 und
993 1664 1042 1701 zu
1056 1656 1242 1709 erfreuen
1261 1654 1336 1700 der
1346 1653 1556 1706 herrlichen
1565 1654 1863 1710 Verheiſſung/

314 1710 451 1760 welche
475 1711 596 1765 ihnen
611 1704 805 1770 GOTT
804 1710 944 1764 durch
971 1700 1129 1759 Daniel
1151 1696 1319 1767 zuruͤck
1350 1709 1540 1765 gelaſſen/
1571 1713 1636 1755 da
1661 1718 1703 1754 er
1734 1710 1863 1765 ſaget:

317 1776 422 1832 Die
466 1774 625 1838 Lehrer
667 1774 847 1828 werden
870 1770 1072 1839 leuchten
1098 1773 1187 1828 wie
1215 1758 1293 1830 des
1318 1760 1603 1844 Himmels
1617 1763 1861 1848 Glantz.

315 1846 362 1893 O
379 1846 560 1898 herrliche
575 1843 860 1897 Vergeltung!
912 1843 1034 1893 Was
1047 1846 1106 1893 die
1120 1844 1236 1894 Welt
1249 1831 1350 1895 nicht
1362 1832 1571 1898 erkennet/
1596 1836 1661 1891 das
1669 1843 1860 1902 belohnet

316 1903 447 1951 GOtt
473 1904 531 1950 im
553 1900 751 1957 Himmel.
814 1902 920 1953 Hier
941 1902 1027 1949 voll
1044 1903 1214 1956 Staub/
1236 1894 1292 1947 im
1303 1901 1486 1958 Himmel
1504 1892 1583 1951 voll
1597 1900 1754 1956 Glantz.
1807 1896 1860 1954 O

316 1963 520 2017 herrlicher
533 1961 705 2016 Glantz!
763 1959 791 2008 O
816 1959 975 2017 groſſer
990 1946 1390 2019 Himmels⸗Lohn!
1424 1944 1564 2020 Lohn/
1572 1960 1696 2026 deſſen
1722 1948 1857 2023 dieſer

318 2028 421 2093 Zeit
438 2027 597 2086 Leiden
615 2026 734 2090 nicht
750 2027 897 2090 werth
913 2025 980 2088 iſt.
1040 2029 1223 2089 Glantz/
1252 2033 1341 2079 dem
1356 2032 1456 2081 aller
1474 2032 1591 2086 Welt
1610 2026 1860 2090 Schoͤnheit/

318 2093 476 2151 Pracht
492 2094 578 2141 und
595 2092 849 2152 Herrlichkeit
865 2093 922 2140 im
939 2085 1156 2149 geringſten
1178 2085 1286 2143 nicht
1308 2085 1354 2141 zu
1359 2090 1617 2146 vergleichen.
1702 2093 1856 2150 Deſſen

314 2144 493 2212 genieſſet
507 2148 757 2211 nunmehro/
771 2148 839 2194 der
855 2149 1009 2195 Seelen
1026 2142 1154 2202 nach/
1154 2148 1270 2201 unſer
1293 2136 1512 2207 wohlſeel.
1537 2144 1666 2202 Herr
1684 2144 1858 2210 Gleich

318 2210 445 2257 gewir
463 2210 598 2264 auch/
627 2205 747 2258 krafft
774 2206 843 2254 des
869 2205 1083 2259 Ganges/
1107 2204 1270 2255 welchen
1302 2190 1378 2256 ſein
1403 2192 1618 2262 theureſter
1632 2204 1851 2263 Paßions⸗

326 2279 474 2323 HErr/
487 2271 682 2327 Chriſtus
705 2262 936 2327 JEſus/zu
957 2262 1099 2317 ſeinem
1119 2262 1255 2317 Leiden
1262 2277 1339 2317 gen
1361 2263 1640 2322 Jeruſalem/
1644 2272 1739 2321 nach
1764 2272 1897 2318 dem

318 2320 507 2375 heutigen
522 2321 755 2374 Sonntags
774 2313 1026 2376 Evangelio/
1038 2318 1110 2374 hat
1124 2311 1221 2376 auff
1236 2317 1306 2373 ſich
1331 2328 1582 2374 genommen.
1634 2321 1713 2370 Da
1736 2320 1852 2380 ſtehet

321 2391 367 2434 er
383 2392 479 2435 nun
495 2380 572 2447 fuͤr
590 2382 804 2440 GOttes
822 2381 1011 2441 Throne
1028 2380 1113 2431 mit
1128 2380 1291 2436 groſſer
1307 2380 1585 2444 Freudigkeit
1604 2382 1747 2437 wider
1763 2382 1904 2445 die,

319 2439 365 2504 ſo
384 2440 465 2503 ihn
487 2437 740 2504 geaͤngſtet,
759 2443 854 2495 und
872 2438 980 2502 ſeine
1005 2429 1362 2508 Schul⸗Arbeit
1386 2437 1659 2507 verworffen
1684 2439 1849 2506 haben.

321 2512 531 2559 Erwegete
555 2512 674 2569 unſer
690 2494 1012 2571 Wohlſeeliger
1026 2490 1228 2567 zuweilen
1240 2495 1311 2565 bey
1338 2492 1431 2565 ſich/
1451 2512 1538 2560 wie
1551 2516 1595 2559 es
1619 2510 1703 2563 ihm
1720 2507 1757 2564 ſo
1772 2499 1898 2565 gar

321 2566 566 2662 ungleich
587 2586 791 2642 vergolten
806 2579 985 2638 wuͤrde/
989 2584 1212 2643 ungeachtet
1236 2585 1302 2635 Er
1315 2592 1374 2635 es
1396 2586 1591 2640 iedweden
1607 2570 1769 2655 gleich
1796 2596 1849 2644 zu

321 2659 480 2695 machen
495 2645 681 2702 bemuͤhet
697 2656 818 2695 war;
869 2644 943 2696 So
965 2634 1123 2706 ergriffe
1146 2642 1191 2708 Er
1215 2639 1305 2711 ſein
1302 2647 1674 2708 Clavichordium/
1689 2643 1774 2704 oder
1775 2637 1882 2698 ein

321 2711 446 2754 ander
463 2708 847 2763 lieblich⸗klingendes
871 2701 1151 2757 Inſtrument/
1170 2701 1241 2761 und
1274 2706 1474 2769 verſuͤſſete
1499 2710 1626 2756 damit
1652 2711 1694 2754 in
1714 2704 1848 2756 etwas

321 2765 446 2819 ſeinen
462 2765 655 2818 Unmuth
671 2768 756 2814 und
775 2765 1137 2819 Verdrießlichkeit
1141 2758 1211 2818 wie
1229 2761 1373 2815 David
1392 2769 1471 2815 mit
1489 2769 1608 2813 ſeiner
1621 2767 1768 2817 Harffe
1776 2769 1847 2813 des

324 2817 501 2875 Koͤniges
514 2819 666 2866 Sauls
682 2818 779 2872 ſeine
787 2818 1051 2868 Melancholie
1059 2817 1271 2866 vertriebe.
1319 2819 1343 2867 O
1373 2821 1449 2868 wie
1464 2812 1572 2869 wird
1572 2812 1637 2867 er
1650 2820 1718 2869 ſich
1731 2819 1846 2866 aller⸗

329 2874 411 2933 erſt
411 2876 477 2941 itzt
477 2872 688 2933 erqvicken/
691 2863 766 2932 und
780 2877 856 2936 ſein
865 2874 974 2934 Geiſt
980 2876 1047 2935 ſich
1061 2868 1226 2936 freuen
1224 2872 1265 2934 da
1285 2876 1350 2929 Er
1364 2878 1440 2929 mit
1453 2875 1555 2927 allen
1569 2874 1752 2935 Heiligen
1759 2877 1849 2922 En⸗
