2649 2829
711 338 773 386 ſen,
787 339 841 379 der
856 338 928 376 dem
947 335 1094 386 Prieſter
1113 335 1195 380 nicht
1219 332 1394 380 unterthan
1412 333 1457 381 ſey
1472 343 1511 373 ꝛc.

713 401 751 448 iſt
768 398 829 447 diß,
846 398 909 446 daß
926 397 975 446 ihr
991 397 1107 444 ſolchen
1121 406 1208 446 zwar
1223 392 1276 444 fuͤr
1292 395 1386 442 wahr
1402 395 1510 442 haltet,

713 450 791 492 aber
807 451 883 495 doch
901 458 979 495 gern
994 450 1101 489 tadeln
1115 452 1233 497 wollet,
1249 452 1369 489 darum
1384 448 1432 494 ihr
1449 447 1513 487 mir

715 505 776 548 den
818 504 913 545 Kleck
960 502 1129 548 anhenget,
1163 502 1227 549 daß
1253 501 1303 549 ihr
1337 502 1418 546 mich
1472 510 1513 539 ei⸗

715 553 804 595 einen
832 546 1030 601 Auſſaͤtzigen
1053 551 1165 600 heiſſet,
1187 553 1242 591 der
1258 557 1354 593 unter
1369 552 1417 590 die
1432 547 1516 596 Jrr⸗

714 600 841 650 thuͤmer
850 602 947 649 einige
956 602 1180 649 Wahrheiten
1190 601 1310 649 miſche.
1363 600 1433 648 Jch
1443 602 1516 640 den⸗

715 657 760 704 ke,
776 656 838 703 daß
856 655 904 701 ihr
922 656 1002 701 mich
1027 656 1102 701 doch
1133 655 1252 694 einmal
1276 649 1328 700 fuͤr
1348 651 1518 701 wahrhaf⸗

716 708 763 751 tig
802 707 933 754 (obwol
963 707 1023 746 mit
1064 706 1197 753 einigem
1228 704 1409 752 Vorwurf
1444 707 1518 745 oder

716 757 911 805 Schimpf,)
933 757 1089 798 erkennet.
1164 756 1254 798 Aber
1277 758 1339 796 das
1368 756 1518 795 wundert

717 810 811 856 mich,
835 815 912 850 was
933 809 1005 852 euch
1030 808 1222 856 Thomiſten
1245 807 1375 856 anficht,
1390 806 1454 853 daß
1469 806 1518 851 ihr

718 862 749 909 ſo
766 860 993 907 verſchiedener
1004 859 1182 905 Meynung
1199 857 1289 905 ſeyd;
1319 860 1401 897 denn
1419 857 1518 904 dieſen

717 912 843 952 meinen
864 909 956 960 Satz
986 908 1216 956 verabſcheuen
1246 911 1295 951 die
1315 907 1518 955 Thomiſten,

718 965 785 1002 und
795 973 883 1002 eurer
900 953 990 1005 Secte
1008 952 1144 1006 Bruͤder,
1163 957 1235 1005 uͤber
1242 960 1290 1001 die
1301 959 1419 1007 maſſen
1428 957 1520 1004 eifrig

720 1016 751 1055 in
763 1013 1003 1058 Deutſchland.
1018 1011 1118 1058 Habt
1132 1012 1181 1058 ihr
1191 1011 1280 1052 einen
1290 1011 1412 1050 andern
1423 1008 1518 1054 Tho⸗

717 1070 810 1102 mam
819 1063 850 1100 in
860 1060 992 1106 Jtalien
1001 1063 1066 1100 und
1076 1061 1163 1101 einen
1173 1063 1293 1101 andern
1311 1061 1342 1100 in
1355 1058 1520 1104 Deutſch⸗

719 1111 822 1151 land?
838 1112 912 1150 oder
928 1111 1018 1149 wollt
1037 1108 1081 1155 ihr
1108 1101 1180 1156 mich
1186 1108 1250 1156 auf
1267 1109 1314 1149 die
1337 1105 1531 1149 Gedanken

718 1161 862 1209 bringen,
880 1161 944 1208 daß
959 1164 1065 1201 weder
1080 1162 1128 1200 die
1147 1158 1341 1207 Thomiſten
1357 1161 1415 1199 den
1424 1151 1531 1206 Tho⸗

719 1222 823 1256 mam,
847 1215 923 1260 noch
935 1212 1089 1259 Thomas
1100 1214 1148 1254 die
1157 1210 1348 1259 Thomiſten
1358 1211 1496 1260 verſtehe
1504 1212 1531 1252 ?

772 1276 832 1311 44.
858 1264 933 1314 Auf
945 1266 1003 1305 den
1024 1267 1150 1305 achten
1172 1264 1289 1310 ſprecht
1306 1262 1368 1310 ihr,
1384 1263 1447 1302 wie
1463 1262 1531 1309 auf

721 1316 781 1355 den
799 1314 962 1363 ſiebenten,
987 1312 1051 1358 daß
1068 1323 1101 1352 er
1120 1312 1251 1358 nemlich
1269 1310 1364 1359 wahr
1372 1310 1429 1358 ſey,
1445 1304 1517 1358 aber

721 1368 781 1407 mit
791 1368 911 1407 andern
922 1365 1054 1414 falſchen
1064 1364 1207 1408 Dingen
1216 1369 1392 1410 vermengt,
1413 1363 1521 1403 darum

721 1419 768 1463 ich
786 1413 934 1468 auſſaͤtzig
960 1420 1027 1459 und
1061 1418 1167 1466 fleckig
1180 1418 1239 1466 ſey.
1290 1416 1364 1459 Und
1380 1417 1426 1461 ich
1449 1413 1531 1464 ſage

721 1468 813 1516 auch,
831 1469 894 1505 wie
907 1466 998 1512 beym
1016 1465 1171 1510 vorigen:
1200 1459 1257 1514 die
1252 1464 1443 1513 Thomiſten
1470 1461 1531 1507 moͤ⸗

721 1527 782 1564 gen
807 1518 866 1565 erſt
888 1524 981 1558 unter
1006 1517 1064 1564 ſich
1086 1506 1173 1564 ſelbſt
1196 1516 1279 1563 einig
1294 1517 1435 1561 werden,
1470 1507 1531 1560 und

722 1567 860 1607 alsdenn
875 1561 953 1606 uͤber
970 1564 1051 1610 mich
1067 1564 1121 1609 her
1137 1566 1220 1611 ſeyn.
1271 1563 1429 1607 Wiewol
1454 1556 1524 1612 mich

723 1622 884 1667 wundert,
902 1619 965 1667 daß
981 1618 1031 1665 ihr
1046 1619 1144 1665 dieſen
1158 1617 1248 1666 Satz
1264 1616 1347 1662 nicht
1362 1613 1531 1665 verwerft,

722 1674 767 1713 da
783 1672 860 1713 viele
876 1670 905 1716 ſo
920 1669 1025 1718 gewiß
1040 1668 1192 1718 glauben,
1207 1669 1270 1717 daß
1288 1681 1320 1711 er
1335 1668 1428 1716 falſch
1439 1669 1496 1716 ſey.

774 1732 827 1768 45.
866 1721 942 1769 Auf
952 1722 1011 1761 den
1026 1728 1190 1764 neunten,
1206 1719 1248 1758 da
1262 1719 1308 1764 ich
1323 1718 1466 1766 geſaget:
1488 1724 1523 1760 es

721 1776 829 1815 werde
844 1774 877 1814 in
885 1777 942 1814 des
948 1773 1077 1821 Pabſts
1089 1772 1259 1815 Decreten
1266 1772 1358 1818 (oder
1367 1765 1531 1816 Verord⸗

723 1826 874 1872 nungen)
895 1825 980 1871 billig
1002 1825 1049 1864 die
1071 1821 1217 1868 Stunde
1237 1825 1294 1864 des
1315 1821 1433 1865 Todes
1456 1823 1518 1862 und

723 1881 778 1919 der
793 1868 896 1922 Noth
918 1878 1185 1921 ausgenommen,
1209 1872 1355 1919 urtheilet
1377 1872 1438 1921 ihr,
1466 1870 1522 1919 daß

723 1926 770 1970 ich
784 1927 868 1970 recht
885 1925 1021 1972 geredet,
1043 1923 1123 1965 aber
1144 1923 1228 1967 nicht
1249 1921 1441 1971 geſchicklich
1462 1923 1524 1962 und

723 1971 841 2021 fuͤglich
863 1982 979 2020 genug,
995 1973 1068 2013 weil
1077 1972 1171 2020 ſolche
1187 1970 1382 2015 Ausnahme
1392 1970 1531 2011 drunter

724 2015 913 2070 verſtanden
928 2021 1046 2069 werde,
1063 2020 1145 2067 nicht
1160 2021 1239 2060 nach
1256 2022 1309 2059 der
1336 2017 1531 2066 Auflegung

723 2083 778 2121 der
792 2079 910 2127 Buſſe,
922 2078 1050 2124 ſondern
1068 2078 1147 2123 nach
1164 2079 1235 2116 dem
1257 2076 1451 2121 Vorbehalt
1468 2075 1531 2116 der

724 2127 830 2180 Faͤlle.
839 2128 990 2177 Erſtlich,
998 2123 1057 2174 man
1080 2129 1201 2175 hu*)?
1227 2135 1301 2169 was
1310 2122 1384 2175 hoͤre
1399 2128 1470 2172 ich?
1487 2122 1531 2172 es

724 2184 761 2230 iſt
777 2184 838 2222 das
848 2178 925 2221 uͤber
934 2181 1057 2222 meinen
1070 2178 1208 2228 Begrif,
1218 2181 1283 2226 alſo
1293 2180 1376 2219 kann
1386 2180 1430 2222 ich
1441 2177 1531 2223 nicht

724 2231 827 2279 drauf
841 2236 1035 2271 antworten.
1089 2221 1214 2275 Wenn
1242 2231 1297 2270 der
1319 2228 1428 2277 Pabſt
1450 2221 1521 2279 auch

723 2286 770 2324 im
783 2283 881 2326 Tode
902 2283 951 2322 die
969 2279 1171 2329 aufgelegten
1203 2271 1319 2333 Buſſen
1341 2272 1519 2325 vorbehaͤlt:

725 2334 754 2381 ſo
771 2333 903 2373 bekenne
917 2333 972 2379 ich,
991 2320 1054 2379 daß
1071 2332 1115 2379 ich
1130 2331 1213 2377 nicht
1228 2329 1376 2377 verſtehe,
1394 2330 1456 2369 wie
1477 2324 1531 2380 ihr

726 2391 767 2423 von
803 2385 917 2423 andern
925 2379 978 2430 die
994 2380 1151 2428 aufgelegt
1177 2376 1287 2431 werden
1311 2376 1401 2427 moͤgen
1420 2374 1521 2431 auſſer

726 2440 785 2481 den
805 2428 964 2491 Canonen,
964 2427 1016 2491 diß
1037 2433 1216 2484 behauptet:
1251 2435 1326 2479 denn
1338 2433 1374 2476 im
1389 2421 1531 2482 vorigen

1539 330 1630 380 Satz
1646 335 1724 379 habt
1740 336 1790 377 ihr
1812 337 1998 378 zugegeben,
2023 337 2086 379 daß
2113 337 2168 370 den
2176 333 2348 374 Sterben⸗

1540 395 1602 434 den
1612 393 1696 433 keine
1704 391 1886 439 canoniſche
1895 392 2025 441 Buſſen
2036 391 2197 439 aufgelegt
2206 391 2346 431 werden.

1542 446 1628 494 Hier
1653 445 1740 491 ſaget
1768 446 1817 492 ihr
1852 447 1989 488 wieder:
2027 448 2082 487 der
2097 443 2208 494 Pabſt
2236 444 2346 493 erlaſſe

1542 500 1591 539 die
1612 496 1746 543 Buſſen
1761 496 1861 541 nicht:
1888 496 1937 541 ihr
1951 488 2130 542 verſtuͤndet
2153 496 2236 535 denn
2259 494 2346 538 (wie

1542 550 1669 595 unten),
1679 550 1743 595 daß
1759 551 1809 590 die
1824 548 1969 597 Buſſen,
1986 549 2016 595 ſo
2031 551 2085 589 der
2102 547 2247 597 Prieſter
2268 548 2346 588 oder

1542 602 1654 644 GOtt
1677 600 1828 647 aufleget,
1849 601 1883 640 in
1912 602 1967 640 der
1994 593 2141 642 Stunde
2164 601 2217 641 der
2240 597 2345 647 Noth

1542 649 1626 695 nicht
1640 651 1898 694 ausgenommen
1910 642 2056 689 wuͤrden.
2109 646 2200 688 Aber
2209 653 2274 685 von
2281 645 2347 686 die⸗

1543 702 1605 749 ſem
1621 701 1659 747 iſt
1668 699 1758 748 ſchon
1767 701 1847 740 oben
1860 698 1981 746 geſagt,
1994 698 2059 746 daß
2073 699 2128 739 der
2136 697 2253 744 Kirche
2261 698 2346 743 nicht

1542 752 1678 801 zuſtehe,
1701 752 1751 793 die
1764 761 1829 793 von
1851 751 1961 794 GOtt
1983 749 2162 798 aufgelegte
2191 748 2346 797 Strafen

1543 800 1787 850 vorzubehalten
1796 801 1872 842 oder
1880 810 1917 850 zu
1931 800 2080 851 erlaſſen;
2100 801 2171 842 und
2179 800 2236 842 des
2244 799 2347 845 Prie⸗

1543 844 1623 897 ſters
1626 844 1811 901 Auflegung
1819 853 1857 901 iſt
1864 853 1897 892 in
1911 842 2020 901 ſeinem
2038 851 2196 896 Belieben.
2219 845 2347 893 Wenn

1543 906 1593 952 ihr
1606 906 1685 946 aber
1697 906 1751 946 der
1768 905 1947 953 Meynung
1959 903 2018 952 ſey,
2038 903 2068 950 ſo
2083 903 2178 951 folget
2202 902 2250 949 ihr
2272 908 2346 944 dem

1542 954 1706 1001 gemeinen
1721 954 1838 1001 Tand,
1848 953 1923 1001 daß,
1935 955 2011 995 weil
2024 956 2079 997 der
2100 953 2246 1000 Prieſter
2262 953 2347 999 nicht

1545 1007 1644 1053 wiſſe,
1668 1007 1730 1047 wie
1752 1006 1814 1047 viel
1838 1004 1970 1053 Strafe
1987 997 2193 1053 aufzulegen,
2219 1013 2252 1044 er
2274 1005 2347 1044 dem

1545 1056 1762 1102 Sterbenden
1770 1057 1852 1104 nicht
1861 1059 1942 1098 alles
1956 1052 2038 1104 loͤſen
2050 1050 2160 1099 koͤnne,
2169 1053 2301 1102 ſondern
2310 1058 2348 1094 es

1553 1096 1617 1150 dem
1631 1103 1743 1152 Pabſt
1763 1098 1928 1153 uͤberlaſſe.
1980 1101 2126 1152 Erſtlich,
2157 1110 2227 1143 wer
2259 1100 2347 1144 kann

1531 1149 1694 1205 glauben,
1716 1155 1781 1203 daß
1790 1155 1901 1199 GOtt
1909 1164 1972 1196 von
1982 1156 2054 1197 dem
2068 1153 2285 1198 Sterbenden
2299 1158 2347 1194 et⸗

1545 1214 1622 1250 was
1638 1209 1760 1251 anders
1775 1208 1942 1257 erfordere,
1950 1210 2004 1248 als
2013 1209 2061 1250 die
2067 1207 2197 1256 Strafe
2207 1211 2263 1247 des
2272 1204 2348 1249 To⸗

1546 1262 1629 1301 des?
1654 1269 1719 1301 von
1744 1260 1877 1304 welcher
1899 1259 1939 1307 ſie
1963 1257 2070 1305 ſagen,
2093 1258 2158 1306 daß
2180 1257 2221 1303 ſie
2251 1258 2352 1298 allein

1539 1303 1647 1358 genug
1666 1307 1713 1355 ſey
1726 1318 1763 1354 zu
1779 1302 1911 1356 voͤlliger
1925 1306 2139 1355 Vergebung
2152 1308 2230 1348 aller
2239 1302 2350 1351 Suͤn⸗

1550 1364 1604 1402 den
1625 1363 1693 1401 und
1717 1360 1886 1407 Strafen,
1910 1369 2006 1400 wenn
2030 1369 2110 1400 man
2124 1359 2227 1406 willig
2242 1359 2275 1398 in
2291 1358 2348 1405 ſel⸗

1531 1413 1640 1459 bigen
1655 1413 1765 1461 gehet;
1787 1413 1923 1458 welches
1936 1421 2018 1461 ganz
2031 1412 2127 1459 wahr
2142 1412 2189 1460 iſt,
2202 1412 2276 1453 weil
2291 1413 2349 1454 der

1560 1462 1627 1507 Tod
1663 1462 1758 1506 ſeiner
1781 1460 1935 1509 Heiligen
1964 1459 2073 1507 theuer
2097 1461 2135 1508 iſt
2170 1466 2230 1500 vor
2274 1460 2348 1501 dem

1553 1508 1764 1558 HERRN.
1811 1510 1999 1561 Zweytens,
2012 1520 2109 1552 wenn
2124 1511 2179 1551 der
2199 1509 2348 1558 Prieſter

1543 1550 1650 1610 nichts
1691 1570 1749 1601 um
1779 1561 1842 1601 das
1875 1561 1991 1601 Maas
2014 1563 2069 1600 der
2099 1549 2348 1605 aufzulegenden

1565 1613 1683 1663 Strafe
1712 1613 1807 1662 weiß,
1830 1614 1894 1655 wie
1909 1614 1995 1657 kann
2012 1618 2049 1655 es
2063 1614 2146 1653 denn
2162 1614 2218 1653 der
2236 1611 2349 1661 Pabſt

1533 1660 1697 1713 wiſſen?
1704 1665 1781 1713 Ja,
1806 1664 1933 1715 ſprichſt
1947 1668 2001 1712 du,
2034 1674 2070 1712 zu
2087 1663 2154 1709 ihm
2167 1665 2205 1710 iſt
2218 1662 2348 1709 geſagt:

1551 1717 1652 1760 Was
1674 1716 1718 1757 du
1739 1727 1802 1757 nur
1825 1711 1907 1766 loͤſen
1923 1717 2013 1765 wirſt
2025 1725 2063 1755 ꝛc.
2080 1713 2149 1760 Jch
2158 1718 2348 1755 antworte:

1531 1765 1631 1818 Loͤſet
1651 1768 1736 1815 nicht
1751 1769 1801 1809 ein
1816 1768 1902 1813 jeder
1922 1767 2069 1817 Prieſter
2092 1767 2177 1814 kraft
2191 1767 2269 1806 eben
2289 1765 2348 1813 ſol⸗

1540 1815 1638 1869 cher
1632 1818 1786 1863 Worte?
1812 1819 1894 1868 Diß
1909 1821 1976 1860 und
1991 1818 2180 1864 dergleichen
2195 1816 2281 1858 redet
2297 1816 2348 1863 ihr

1543 1880 1612 1914 nur
1627 1871 1707 1915 nach
1723 1866 1863 1913 Duͤnkel
1874 1875 1941 1911 und
1951 1868 2169 1917 Meynungen
2184 1865 2274 1916 her,
2262 1858 2288 1920 ſo
2297 1866 2347 1916 ihr

1542 1929 1604 1968 gar
1623 1919 1709 1966 nicht
1724 1919 1876 1966 beweiſen
1891 1914 2017 1961 koͤnnet.

1713 1975 1746 2010 *)
1754 1975 1805 2006 wie
1817 1980 1879 2006 vom
1894 1972 2026 2005 Manna:
2053 1976 2114 2003 was
2129 1973 2161 2010 iſt
2174 1960 2249 2006 das?

1595 2023 1658 2064 46.
1694 2015 1751 2059 Auf
1772 2016 1832 2064 den
1861 2015 2027 2062 zehenten
2059 2014 2267 2063 beſchuldiget
2297 2012 2348 2062 ihr

1552 2075 1652 2121 mich:
1686 2073 1733 2122 ich
1751 2072 1832 2122 lieſſe
1852 2081 1900 2120 zu,
1918 2076 1996 2112 was
2016 2069 2062 2114 ich
2077 2081 2122 2111 an
2137 2072 2260 2112 andern
2276 2077 2349 2110 ver⸗

1531 2121 1661 2174 wuͤrfe,
1675 2125 1809 2170 nemlich
1818 2123 1883 2172 daß
1898 2125 1945 2169 ich
1965 2124 2017 2165 die
2032 2122 2163 2167 Seelen
2178 2128 2250 2169 zum
2259 2117 2374 2168 Feg⸗

1554 2177 1633 2222 feuer
1649 2177 1749 2223 weiſe,
1765 2177 1839 2217 weil
1855 2175 1901 2219 ich
1916 2175 1998 2222 ſage,
2015 2174 2078 2220 daß
2092 2173 2166 2222 bloß
2180 2173 2228 2213 die
2235 2172 2349 2220 aufge⸗

1540 2220 1665 2279 legten
1669 2225 1803 2276 Buſſen
1826 2225 1957 2274 erlaſſen
1986 2225 2126 2267 werden.
2176 2222 2248 2270 Jch
2273 2228 2350 2264 ant⸗

1557 2274 1668 2325 worte
1687 2278 1751 2318 wie
1776 2275 1876 2318 oben:
1950 2275 2023 2324 Jch
2059 2275 2150 2319 weiſe
2183 2275 2224 2324 ſie
2262 2273 2348 2321 nicht

1542 2337 1615 2373 zum
1656 2325 1828 2376 Fegfeuer,
1868 2326 2000 2373 ſondern
2028 2326 2077 2368 die
2110 2324 2350 2371 Gerechtigkeit

1538 2374 1632 2428 oder
1646 2367 1805 2426 Strenge
1834 2375 1991 2425 GOttes,
2013 2374 2128 2423 welche
2158 2376 2208 2418 die
2223 2374 2349 2423 Macht

1557 2427 1619 2482 der
1636 2431 1775 2481 Kirchen
1807 2429 1891 2482 nicht
1921 2429 2020 2482 heben
2049 2430 2135 2474 kann
2161 2429 2215 2474 als
2249 2428 2348 2475 durch
