3093 4384
968 608 1055 664 142

1685 574 1874 636 LIBER
1874 574 1980 636 VI.

985 691 1059 733 dis.
1068 678 1437 738 (n)inviolabiliter
1446 679 1738 727 cuſtodiantur
1747 682 1826 726 &c
1861 682 2078 729 miſſorum
2089 682 2255 733 faciant,
2272 686 2300 716 *
2314 685 2470 731 fuerint
2490 686 2545 739 (s)
2560 697 2702 730 extor-

986 748 1066 795 Per
1086 747 1177 792 vim
1196 747 1338 793 autem
1358 740 1399 789 &
1421 736 1565 796 juſtum
1589 736 1651 791 (o)
1664 748 1825 780 metum
1844 742 1916 793 ta,
1928 737 2079 782 nullius
2101 736 2180 781 eſſe
2191 737 2254 795 (t)
2272 739 2480 783 momenti
2504 740 2702 795 jubemus.

984 799 1132 851 etiam
1116 799 1137 856 à
1161 800 1219 852 (p)
1230 797 1473 850 majoribus,
1490 797 1670 839 maxime
1688 801 1741 851 ne
1741 797 1825 852 (q)
1859 800 1938 842 &c.

981 857 1054 905 (r)
1065 854 1375 908 querimoniam
1387 855 1691 898 maleficiorum
1705 867 1826 899 com-

2621 856 2701 896 DE

2725 690 2846 737 *add.h

1145 996 1240 1044 re,
1208 991 1243 1045 ut
1248 990 1288 1036 ff.
1295 1001 1330 1038 de
1338 994 1426 1033 rebus
1435 1002 1547 1028 eorum.
1558 989 1576 1025 I.
1594 992 1678 1039 magis
1686 1000 1763 1038 puto.
1777 994 1846 1038 §.1.
1890 994 1963 1034 Vel
1973 992 2045 1035 dic,
2062 986 2154 1048 quòd
2161 990 2289 1044 teneat,
2304 992 2392 1033 ſicut
2398 995 2423 1035 à
2441 995 2571 1048 quovis
2597 996 2699 1041 majo-

1140 1057 1178 1082 re
1190 1048 1286 1086 faƈta,
1295 1049 1333 1081 ut
1346 1042 1373 1097 ff.
1391 1043 1420 1080 de
1428 1042 1559 1081 contrah.
1568 1052 1657 1091 empt.
1667 1045 1686 1080 I.
1698 1058 1762 1083 rem
1769 1044 1909 1085 alienam.
1923 1045 1968 1084 Et
1977 1050 2079 1096 quod
2088 1046 2231 1089 dicitur,
2240 1056 2359 1085 rerum
2370 1048 2521 1089 ſuarum,
2537 1046 2632 1095 largè
2644 1058 2699 1084 ac-

1136 1098 1297 1143 cipiatur,
1308 1095 1404 1142 quaſi
1415 1094 1521 1140 dicat,
1535 1093 1637 1142 ſuper
1649 1095 1888 1136 contraƈtibus
1898 1097 1966 1136 ſuis
1975 1099 2042 1134 &c.
2081 1098 2147 1144 Jac.
2161 1098 2224 1134 Col.

1022 1148 1079 1187 (n)
1127 1147 1352 1191 Inviolabiliter.
1400 1149 1420 1192 i.
1428 1142 1773 1189 incorruptibiliter,
1751 1144 1790 1197 i.
1789 1148 1861 1179 ſine
1870 1141 2068 1187 violatione
2073 1148 2109 1191 &
2128 1148 2325 1189 corruptela
2344 1148 2493 1192 aliqua:
2527 1148 2564 1181 &
2586 1153 2699 1193 quan-

1138 1202 1214 1241 tum
1222 1198 1265 1247 ad
1274 1198 1465 1239 agendum,
1477 1197 1513 1229 &
1528 1194 1737 1240 quantum
1712 1196 1754 1246 ad
1769 1193 2031 1242 excipiendum,
2043 1193 2081 1231 &
2100 1199 2277 1243 quantum
2301 1194 2345 1233 ad
2365 1196 2568 1236 dominium
2586 1204 2698 1235 trans-

1133 1251 1329 1294 ferendum,
1339 1252 1379 1296 ut
1385 1254 1446 1287 arg.
1453 1247 1492 1286 ff.
1499 1246 1536 1277 de
1545 1244 1660 1288 acquir.
1671 1255 1732 1279 rer.
1741 1243 1819 1279 dom.
1830 1244 1851 1281 l.
1855 1244 1986 1288 ſtatuas.
1997 1244 2033 1282 &
2034 1244 2115 1291 fam.
2126 1243 2242 1291 herciſc.
2252 1244 2272 1280 l.
2283 1247 2363 1282 inter
2370 1246 2529 1282 coheredes.
2543 1249 2577 1292 §.
2589 1259 2610 1281 1.

1024 1298 1075 1358 (o)
1121 1301 1325 1348 Per--juſtum
1332 1304 1456 1339 metum.
1508 1293 1619 1336 Quia,
1627 1290 1658 1343 ſi
1676 1298 1763 1337 vanus
1786 1290 1900 1330 fuiſſet
1915 1292 2035 1333 timor,
2051 1297 2178 1330 contra
2206 1290 2298 1335 eſſet,
2309 1290 2348 1338 ff.
2368 1291 2449 1340 quod
2458 1303 2555 1330 metus
2564 1295 2648 1341 cauſa
2671 1294 2693 1333 l.

1133 1356 1249 1383 metum
1260 1356 1373 1383 autem.
1384 1348 1422 1391 &
1433 1348 1452 1385 l.
1466 1359 1590 1384 metum.
1602 1349 1635 1392 §.
1649 1358 1679 1384 1.

1019 1398 1071 1454 (p)
1108 1402 1157 1448 A
1175 1396 1368 1445 majoribus.
1353 1403 1389 1443 Et
1400 1395 1564 1440 maxime,
1574 1392 1597 1441 ſi
1608 1395 1769 1432 majores,
1777 1387 1801 1435 i.
1813 1379 2044 1434 potentiores,
2052 1389 2125 1427 vim
2132 1387 2188 1426 vel
2199 1395 2333 1428 metum
2341 1385 2535 1439 intulerint,
2538 1398 2570 1444 ne
2580 1389 2692 1435 malefi-

1129 1452 1240 1494 ciorum
1250 1449 1491 1488 commiſſorum--
1508 1448 1627 1495 extorta
1633 1443 1701 1483 &c.
1739 1442 1808 1480 Vel
1819 1444 1934 1493 poteſt
1954 1445 2026 1493 legi
2036 1442 2230 1483 ſecundùm
2240 1445 2343 1485 aliam
2352 1445 2535 1485 leƈturam:
2559 1457 2612 1492 per
2629 1451 2697 1481 vim

1128 1506 1233 1543 autent
1248 1498 1265 1548 &
1286 1492 1397 1532 juſtum
1404 1491 1522 1532 metum
1528 1505 1619 1535 etiam
1631 1492 1650 1523 à
1657 1488 1831 1532 majoribus,
1839 1502 1876 1524 ne
1884 1494 2069 1539 querimonia
2079 1492 2290 1539 maleficiorum
2296 1491 2509 1537 commiſſorum
2516 1495 2609 1541 fieret
2639 1495 2656 1531 &
2665 1505 2697 1531 c.

1025 1551 1081 1609 (q)
1133 1549 1367 1587 Querimoniam.
1416 1543 1485 1579 Sed
1495 1542 1606 1578 inſto:
1629 1548 1737 1590 quare
1753 1541 1861 1594 magis
1871 1540 2004 1594 tollitur
2020 1541 2333 1590 juramentum
2261 1539 2337 1596 ipſo
2352 1534 2449 1588 jure,
2479 1543 2585 1591 quam
2606 1554 2693 1578 con-

1135 1596 1287 1634 traƈtus?
1325 1594 1554 1645 Reſpondeo,
1564 1598 1645 1644 quia
1657 1593 1796 1635 effeƈtus
1808 1597 1992 1644 juramenti
2002 1597 2153 1637 debilior
2161 1598 2226 1637 eſt:
2252 1597 2308 1636 Ex
2308 1597 2357 1637 eo
2368 1599 2465 1637 enim
2478 1602 2571 1639 nulla
2592 1600 2695 1637 indu-

1135 1651 1228 1684 citur
1238 1647 1422 1689 obligatio,
1434 1645 1492 1683 ſed
1503 1645 1616 1682 robur
1629 1643 1828 1695 quoddam,
1837 1646 1938 1696 quod
1946 1646 2082 1696 præſtat
2091 1646 2298 1690 contraƈtui,
2312 1650 2368 1686 cui
2380 1649 2532 1695 accedit;
2555 1650 2688 1687 ſcilicet

1134 1699 1236 1743 quod
1246 1695 1370 1746 poſſint
1381 1693 1577 1746 efficaciter
1584 1695 1781 1738 conveniri,
1791 1693 1826 1731 &
1841 1697 1858 1741 †
1867 1697 1930 1735 qui
1940 1697 2038 1734 aliter
2047 1695 2067 1714 *
2078 1706 2155 1735 non
2165 1702 2344 1750 poterant,
2350 1699 2484 1734 auxilio
2502 1699 2690 1736 reſtitutio-

1127 1751 1184 1791 nis
1191 1748 1364 1792 obſtante,
1375 1744 1397 1778 ſi
1408 1744 1535 1790 ſponte
1545 1743 1802 1790 interponatur.
1853 1733 1924 1785 Hic
1933 1738 2074 1783 effeƈtus
2083 1743 2180 1792 quaſi
2190 1743 2351 1788 debilior,
2359 1746 2497 1783 tollitur
2506 1749 2538 1782 vi
2548 1748 2601 1784 vel
2619 1754 2699 1785 me-

1130 1802 1170 1839 tu
1180 1798 1299 1840 illato:
1321 1795 1421 1835 quod
1429 1808 1506 1837 non
1518 1791 1565 1826 eſt
1572 1791 1608 1826 in
1618 1790 1753 1831 effeƈtu,
1762 1789 1825 1837 qui
1836 1801 1879 1826 ex
1887 1792 2070 1829 contraƈtu
2082 1792 2263 1830 inducitur
2270 1792 2366 1840 quaſi
2376 1794 2520 1833 fortior,
2553 1795 2635 1841 quia
2646 1805 2690 1830 ex

1131 1855 1177 1894 eo
1190 1844 1371 1888 inducitur
1380 1840 1474 1889 ultro
1485 1840 1650 1882 citroque
1662 1836 1849 1883 obligatio,
1849 1837 1892 1883 ut
1895 1837 1935 1881 ff.
1945 1839 1982 1873 de
1996 1839 2075 1875 Verb
2083 1841 2110 1864 *
2117 1839 2222 1884 Signif.
2247 1840 2353 1874 Labeo.
2381 1841 2424 1876 Et
2431 1838 2622 1877 ſecundum
2639 1842 2692 1878 di-

1132 1896 1224 1939 ƈtam
1232 1896 1397 1937 leƈturam
1409 1893 1491 1938 lego
1500 1890 1650 1925 literam,
1659 1883 1853 1918 ſecundùm
1865 1883 2033 1919 leƈturam
2042 1883 2160 1921 talem,
2173 1891 2281 1930 quam
2290 1882 2479 1922 habebam,
2484 1894 2537 1926 per
2551 1888 2617 1920 vim
2630 1878 2698 1920 au-

1128 1949 1192 1981 tem
1201 1946 1257 1986 aut
1266 1944 1382 1980 metum
1392 1935 1519 1983 juſtum,
1527 1929 1675 1979 ſubaudi
1692 1938 1905 1976 ſacramenta
1913 1928 2133 1976 interpoſita,
2145 1927 2272 1965 ſcilicet
2282 1927 2302 1965 à
2313 1928 2519 1977 puberibus,
2547 1928 2590 1967 de
2606 1932 2685 1979 qui-

1128 1994 1195 2029 bus
1206 1992 1339 2029 diƈtum
1350 1992 1409 2028 eſt.

1015 2037 1068 2074 (r)
1120 2038 1323 2076 Querimonia.
1373 2033 1429 2067 De
1439 2023 1613 2066 maleficio
1626 2022 1813 2068 commiſſo
1831 2027 1901 2074 &c,

1015 2086 1061 2127 (s)
1108 2090 1234 2126 Extorta
1256 2084 1299 2123 Et
1314 2083 1372 2122 hîc
1382 2084 1429 2123 eſt
1439 2084 1564 2125 dicere,
1575 2081 1659 2127 hoc,
1668 2084 1769 2134 quod
1781 2084 1914 2124 diƈtum
1924 2083 1972 2125 eſt
1979 2082 2090 2137 ſuprà,
2100 2095 2222 2126 verum
2233 2083 2281 2127 eſt
2290 2075 2322 2135 in
2330 2082 2552 2138 juramentis
2544 2080 2567 2130 à
2577 2088 2688 2137 pube-

1126 2138 1225 2190 ribus
1234 2137 1359 2176 ſponte
1368 2134 1535 2178 extortis:
1562 2140 1645 2175 nam
1651 2132 1848 2177 juramenta
1861 2135 2000 2167 extorta
2013 2140 2074 2177 per
2082 2130 2154 2167 vim
2166 2129 2199 2167 &
2209 2137 2359 2174 metum,
2372 2130 2505 2169 nedum
2516 2131 2559 2169 ab
2570 2132 2629 2174 eis,
2629 2132 2690 2175 ſed

1129 2191 1236 2235 etiam
1245 2193 1265 2231 à
1273 2188 1464 2230 majoribus
1475 2181 1606 2227 XXV.
1620 2184 1735 2229 annis,
1746 2182 1878 2224 nullius
1891 2186 2067 2227 momenti
2076 2185 2154 2223 ſunt
2164 2184 2240 2235 ipſo
2245 2186 2342 2234 jure;
2359 2187 2511 2226 maxime
2521 2188 2545 2226 ſi
2560 2189 2688 2227 fuerint

1125 2242 1226 2279 ſuper
1234 2249 1278 2286 eo
1287 2252 1438 2280 extorta,
1450 2251 1495 2277 ne
1504 2247 1528 2291 †
1558 2239 1735 2278 deponatur
1747 2235 1971 2281 querimonia
1979 2234 2237 2273 maleficiorum
2248 2233 2530 2274 commiſſorum.
2564 2232 2606 2273 Et
2614 2246 2683 2273 me-

1123 2292 1193 2332 ritò
1209 2291 1308 2337 dixit,
1319 2292 1463 2336 maxime,
1481 2288 1564 2331 quia
1574 2285 1776 2332 reipublicæ
1785 2284 1934 2322 intereſt,
1947 2295 1992 2323 ne
2003 2283 2173 2324 maleficia
2186 2292 2390 2323 remaneant
2400 2285 2587 2333 impunita,
2604 2292 2641 2323 ut
2645 2281 2685 2331 ff.

1124 2342 1169 2375 ad
1179 2344 1212 2379 L.
1221 2341 1325 2389 Aquil.
1334 2340 1360 2376 l.
1360 2340 1408 2376 ita
1417 2341 1606 2378 vulneratus.
1617 2353 1688 2376 cum
1698 2352 1809 2377 concor.

1014 2384 1064 2443 (t)
1108 2390 1242 2434 Nullius
1242 2398 1274 2434 --
1274 2388 1426 2435 momenti.
1473 2386 1501 2431 i.
1516 2384 1591 2424 ipſo
1605 2384 1682 2420 jure
1699 2390 1776 2425 non
1787 2378 1938 2424 valeant.
1987 2374 2057 2415 Sed
2073 2385 2195 2422 inſto:
2214 2378 2388 2428 numquid
2408 2388 2471 2424 per
2483 2378 2559 2417 hoc
2575 2379 2683 2421 dices,

1117 2438 1219 2475 quod
1229 2437 1405 2484 Ediƈtum,
1436 2435 1515 2474 quod
1525 2443 1625 2468 metus
1625 2444 1740 2470 cauſa,
1775 2431 1815 2466 ſit
1823 2433 1998 2472 ſublatum
2014 2431 2051 2466 &
2068 2432 2189 2478 quoad
2207 2433 2382 2467 aƈtionem
2400 2435 2436 2468 &
2448 2433 2568 2479 quoad
2581 2443 2681 2472 exce-

1122 2487 1330 2539 ceptionem
1344 2492 1390 2519 ex
1400 2494 1444 2520 eo
1453 2481 1696 2528 induƈtam,
1658 2480 1698 2541 ff.
1707 2482 1787 2530 quod
1794 2493 1866 2518 met.
1878 2483 1957 2528 cauſ.
1967 2485 1989 2521 I.
2000 2492 2131 2523 metum.
2144 2488 2176 2530 §.
2190 2486 2235 2530 ſed
2241 2486 2327 2534 quod.
2340 2486 2377 2524 &
2397 2490 2424 2526 §.
2433 2487 2580 2532 Julianus.
2606 2489 2622 2525 &
2646 2491 2681 2531 §.

1122 2540 1245 2575 volenti.
1258 2537 1294 2570 &
1317 2539 1353 2585 §.
1369 2550 1406 2573 ex
1414 2540 1465 2572 hoc
1476 2534 1571 2569 ediƈto.
1592 2544 1677 2570 cum
1688 2531 1847 2571 videatur
1858 2534 1924 2582 per
1924 2534 1949 2582 l.
1958 2534 2069 2573 iſtam,
2082 2534 2181 2582 quòd
2190 2536 2390 2573 contraƈtus
2398 2547 2460 2583 per
2476 2543 2611 2574 metum
2620 2547 2680 2583 pe-

1121 2584 1218 2626 nitus
1231 2583 1306 2624 ipſo
1312 2583 1389 2625 jure
1398 2579 1439 2617 ſit
1448 2578 1580 2623 nullus,
1592 2589 1702 2628 quem
1713 2579 1735 2599 *
1742 2578 1880 2619 conſtat
1887 2588 1949 2628 per
1957 2579 2049 2627 leges
2059 2588 2191 2618 veteres
2202 2589 2333 2626 tenere,
2347 2581 2366 2616 l.
2368 2583 2518 2626 ſimiliter.
2528 2587 2552 2626 §
2560 2591 2674 2627 penult.

1118 2635 1201 2681 quod
1208 2639 1305 2670 metus
1315 2633 1396 2677 cauſ.
1405 2636 1442 2677 &
1458 2633 1493 2671 C.
1502 2631 1534 2671 de
1542 2631 1644 2673 inutil.
1644 2627 1780 2663 ſtipulat.
1786 2628 1809 2669 l.
1818 2627 1892 2663 dolo.
1940 2622 2170 2667 Reſpondeo,
2181 2626 2346 2672 minime:
2373 2633 2459 2674 nam
2469 2631 2568 2666 quod
2587 2636 2673 2670 dici-

2692 2701 2699 2723 *
1120 2688 1190 2721 tur,
1199 2679 1308 2722 nullius
1315 2680 1366 2723 eſſe
1373 2679 1525 2719 momenti,
1534 2678 1693 2715 ſubaudi,
1703 2682 1878 2723 quantum
1893 2679 1937 2715 ad
1946 2677 2126 2724 effeƈtum;
2155 2678 2212 2718 Sic
2223 2681 2256 2717 &
2268 2679 2365 2718 aliter
2371 2676 2594 2729 accipiuntur
2602 2682 2676 2733 hæc

1119 2731 1236 2763 verba,
1241 2727 1281 2763 ff.
1288 2727 1368 2769 quod
1374 2732 1444 2761 met.
1453 2726 1532 2767 cauſ.
1542 2727 1563 2762 l.
1573 2728 1626 2770 qui
1635 2728 1666 2759 in
1673 2735 1833 2760 carcerem.
1867 2725 1938 2764 Sed
1947 2726 2021 2763 hæc
2030 2724 2210 2773 reſponſio
2219 2736 2293 2763 non
2303 2725 2416 2775 placet
2431 2732 2580 2775 propter
2588 2736 2675 2774 præ-

1103 2773 1283 2817 cedentia
1298 2775 1417 2812 verba,
1433 2784 1470 2807 ne
1486 2775 1684 2818 quæremonia
1697 2773 1908 2819 maleficiorum
1921 2772 1986 2815 &c.
2017 2774 2099 2820 quia
2124 2772 2198 2814 hæc
2215 2776 2320 2814 verba
2341 2774 2386 2813 ſic
2400 2775 2512 2824 poſita
2529 2777 2674 2825 propriè

1119 2826 1328 2872 ſignificant,
1336 2830 1376 2858 ut
1384 2823 1485 2871 quod
1492 2824 1570 2877 ipſo
1572 2820 1645 2877 jure
1657 2826 1699 2862 ſit
1708 2825 1861 2870 nullum,
1870 2825 1911 2871 ff.
1921 2826 1958 2861 de
1974 2828 2061 2865 Verb.
2073 2824 2166 2874 Oblig.
2184 2825 2198 2861 l.
2200 2826 2389 2875 generaliter.
2409 2830 2445 2867 &
2465 2832 2501 2863 C.
2522 2830 2559 2863 de
2580 2830 2643 2866 LL.
2643 2830 2673 2867 l.

1117 2881 1177 2912 non
1192 2872 1306 2905 dubium
1328 2872 1365 2915 in
1365 2871 1415 2915 fin.
1463 2867 1536 2907 Dic
1546 2880 1648 2916 ergo,
1669 2869 1742 2908 hoc
1760 2870 1825 2909 eſſe
1839 2870 2059 2910 referendum
2075 2871 2118 2911 ad
2134 2875 2347 2910 ſacramenta
2365 2873 2505 2910 tantùm
2519 2882 2582 2921 per
2601 2875 2674 2911 vim

1115 2932 1268 2965 extorta
1283 2920 1327 2960 de
1336 2922 1466 2972 quibus
1474 2921 1574 2971 ſuprà
1588 2924 1744 2966 dixerat;
1766 2923 1867 2972 quod
1877 2923 2004 2970 probat
2015 2925 2121 2966 etiam
2128 2925 2276 2965 verbum
2285 2924 2495 2979 adverſative
2504 2927 2674 2976 poſitum,

1117 2978 1270 3022 propter
1277 2968 1481 3008 præcedens
1491 2965 1641 3012 verbum
1649 2964 1717 3004 &c.
1731 2967 1748 2981 *
1794 2962 1870 3010 Jac.
1878 2963 1961 3003 Col.

1055 3021 1213 3068 Explicit
1233 3025 1413 3066 apparatus
1434 3017 1552 3070 Jacobi
1561 3018 1776 3066 Columbini
1778 3019 1881 3076 ſuper
1887 3014 2013 3069 uſibus
2017 3021 2234 3067 Feudorum,
2249 3022 2435 3062 translatus
2458 3024 2494 3061 &
2514 3025 2671 3064 redaƈtus

1119 3088 1204 3114 cum
1211 3074 1374 3120 Rubricis
1384 3070 1511 3110 debitis
1521 3067 1592 3108 ſine
1603 3069 1800 3110 mutatione
1811 3071 2013 3118 verborum,
2025 3074 2061 3110 &
2072 3073 2211 3112 effeƈtus
2221 3084 2285 3121 per
2312 3085 2362 3113 me,
2366 3073 2565 3111 Antonium
2580 3074 2676 3113 Min-

1117 3132 1282 3162 cuccium
1292 3124 1336 3158 de
1345 3124 1450 3161 Prato
1462 3119 1598 3161 Veteri,
1608 3119 1796 3158 minimum
1813 3118 1948 3161 Legum
1961 3121 2159 3163 doƈtorem,
2179 3121 2355 3170 legentem
2386 3123 2571 3162 Florentiæ
2596 3125 2673 3170 jura

1119 3175 1235 3211 civilia
1251 3173 1294 3210 de
1313 3174 1400 3212 ſero.
1451 3171 1686 3214 Completum
1702 3175 1755 3213 die
1773 3167 1902 3217 XXII.
1920 3175 2045 3215 menſis
2062 3177 2205 3223 Auguſti
2224 3180 2277 3217 M.
2294 3171 2440 3209 CCCC.
2460 3169 2608 3209 XXXI.
2627 3181 2672 3219 ad

1117 3223 1260 3266 laudem
1273 3220 1532 3269 omnipotentis
1543 3212 1639 3264 DEI,
1652 3219 1730 3265 Ejus
1738 3220 1863 3260 Matris
1880 3223 2033 3270 Virginis
2066 3220 2177 3264 Mariæ,
2193 3219 2362 3274 utriusque
2379 3223 2526 3260 Antonii
2543 3216 2579 3267 &
2598 3225 2673 3265 Ro-

1119 3272 1267 3307 mualdi,
1281 3276 1521 3313 patronorum
1530 3275 1710 3305 meorum,
1718 3267 1900 3317 totiusque
1912 3268 2028 3307 Curiæ
2039 3267 2300 3316 triumphantis,
2310 3269 2347 3305 &
2358 3266 2402 3317 ad
2418 3270 2595 3309 honorem
2607 3271 2699 3310 Pa-

1118 3323 1226 3354 duani
1236 3320 1349 3356 ſtudii,
1361 3320 1422 3353 ubi
1430 3321 1549 3365 legens
1559 3318 1577 3354 à
1589 3315 1747 3365 pluribus
1756 3316 1986 3358 Scholaribus
1997 3319 2160 3356 hortatus
2170 3320 2240 3359 fui,
2276 3325 2315 3354 ut
2330 3318 2404 3356 hoc
2421 3330 2512 3367 opus
2525 3321 2670 3359 reduce-

1118 3377 1198 3420 rem,
1215 3370 1346 3414 ut|ejus,
1353 3370 1448 3421 cujus
1457 3369 1641 3417 incognita
1651 3374 1734 3408 erat,
1755 3365 1911 3423 doƈtrina,
1923 3369 2067 3423 propter
2077 3374 2234 3412 ineptam
2251 3374 2571 3421 computationem,
2601 3373 2671 3412 cla-

1120 3428 1194 3457 rior
1205 3431 1278 3459 luce
1294 3427 1484 3460 meridiana
1495 3418 1536 3468 ſit
1541 3419 1674 3470 cuique
1685 3412 1835 3453 intuenti
1855 3418 1928 3463 ejus
1950 3417 2083 3456 merita.
2132 3409 2213 3457 Nec
2229 3417 2367 3462 dubito,
2382 3427 2487 3455 voces
2511 3427 2670 3467 quorun-

1118 3469 1202 3509 dam
1211 3466 1493 3512 doƈtorellorum
1501 3468 1584 3504 huic
1592 3467 1642 3504 rei
1651 3465 1687 3502 in
1698 3463 1941 3505 maledicendo
1952 3466 2143 3504 continuas
2153 3464 2238 3508 eſſe,
2269 3477 2351 3505 cum
2372 3467 2559 3506 detreƈtare
2581 3479 2668 3507 con-

1115 3518 1290 3561 ſueverint
1310 3517 1449 3552 noviter
1467 3517 1637 3556 inventa;
1660 3514 1831 3564 quoniam
1845 3520 1894 3555 eis
1914 3518 2036 3554 omnia
2052 3518 2195 3564 antiqua
2217 3516 2295 3555 ſunt
2312 3517 2453 3568 prorſus
2472 3519 2666 3567 incognita.

1117 3568 1315 3607 Vereantur
1335 3576 1422 3613 ergo
1443 3567 1526 3607 DEI
1544 3569 1731 3608 ultionem.
1743 3566 1778 3603 &
1799 3563 2001 3621 cognoſcant
2024 3568 2152 3618 ſeipſos
2170 3570 2197 3607 in
2206 3580 2332 3608 eorum
2342 3570 2564 3617 ignorantia,
2584 3573 2666 3619 quia

1118 3616 1281 3666 ſapientis
1290 3617 1354 3654 viri
1365 3617 1394 3654 &
1410 3617 1523 3656 literas
1532 3619 1679 3663 ſcientis,
1692 3614 1863 3673 abrogare
1873 3616 2047 3663 virtuoſis,
2062 3616 2115 3665 non
2136 3617 2194 3665 eſt,
2204 3619 2262 3660 ſed
2270 3620 2410 3660 laudare
2425 3621 2484 3659 &c.
2503 3619 2669 3671 Scriptum

1116 3673 1221 3716 XIII.
1232 3671 1359 3715 menſis
1370 3671 1494 3722 Aprilis
1505 3653 1814 3716 MCCCCXLII.
1824 3676 1893 3716 &c.
1905 3674 1976 3718 &c.

2718 1710 2736 1743 †
2762 1708 2783 1738 ii

2707 1740 2731 1765 *
2749 1748 2818 1781 aliâs

2699 2241 2735 2280 †
2738 2243 2776 2275 V.
2784 2250 2829 2271 nec

2710 2387 2742 2423 In
2742 2378 2866 2424 Impreſ-

2704 2434 2739 2463 ſis
2749 2435 2812 2464 hinc
2831 2443 2862 2461 e-

2705 2466 2848 2508 mendan-

2703 2509 2746 2541 da
2746 2508 2849 2541 vitioſa

2705 2539 2849 2582 tranſpoſi-

2702 2593 2743 2619 tio
2751 2596 2775 2620 &
2795 2594 2858 2617 tur-

2700 2624 2785 2654 batio
2785 2617 2862 2655 Gloſ.

2739 2670 2781 2701 ſæ.

2699 2701 2723 2723 *
2727 2699 2792 2722 add.
2807 2698 2852 2735 ta-

2740 2745 2802 2764 men

2699 2977 2758 3006 *V.
2767 2963 2855 3014 ſpontè
