3322 4429
271 555 281 582 8

273 868 294 898 9

279 1193 313 1211 10

286 2077 314 2097 11

376 531 439 575 Als
461 526 570 576 halten
586 527 649 567 wir
667 524 792 573 dafuͤr,
815 523 882 571 daß
908 523 948 559 L.
960 518 1112 568 beſagten
1134 521 1215 562 Um⸗

427 576 561 629 ſtaͤnden
580 578 662 627 nach
678 579 728 619 die
742 575 873 624 Cantzel
893 571 977 621 nicht
993 572 1076 621 habe
1088 571 1218 614 koͤnnen

423 630 602 678 verbothen
618 629 761 668 werden.

497 740 862 812 Quæſtio
907 741 973 798 II.

335 832 463 888 Ob
482 829 749 887 Sempronius
761 836 854 873 aus
864 820 1052 882 ſolchem
1061 818 1228 882 bloſſen

436 873 673 937 Verdacht
705 876 884 931 annoch
916 878 1007 922 eine
1039 878 1229 920 iniurien⸗

434 936 586 1002 Klage
603 940 810 999 anſtellen
827 938 994 991 koͤnne?

445 1053 759 1117 Rationes
771 1045 1114 1117 dubitandi.

376 1148 441 1191 Ob
455 1146 547 1196 wohl
563 1142 756 1199 eingewandt
777 1146 887 1185 werden
920 1138 1061 1189 moͤchte,
1070 1138 1138 1186 daß
1147 1138 1232 1187 nicht

336 1204 431 1243 allein
443 1202 510 1242 eine
530 1199 660 1239 iniurie
677 1200 809 1241 daraus
818 1205 856 1244 zu
873 1195 1050 1244 erkennen,
1076 1199 1174 1232 wenn
1189 1191 1234 1239 ie⸗

336 1260 439 1297 mand
449 1257 481 1296 in
495 1256 581 1297 einer
589 1252 741 1303 Schrifft
777 1247 837 1299 mit
854 1245 966 1303 Nahmen
997 1250 1155 1295 genennt,
1162 1245 1234 1293 ſon⸗

335 1308 413 1346 dern
425 1309 462 1345 es
470 1312 562 1352 gnug
570 1300 619 1352 iſt,
626 1311 725 1343 wenn
737 1301 823 1340 einer
832 1308 897 1339 nur
903 1299 937 1346 ſo
947 1296 1157 1346 beſchrieben,
1168 1294 1236 1342 daß

336 1361 374 1395 es
388 1355 491 1403 ſofort
505 1354 677 1401 jederman
690 1352 833 1392 mercken
844 1350 928 1394 kan,
945 1347 1011 1395 auf
1020 1342 1161 1394 welcher
1176 1344 1238 1393 ſol⸗

336 1409 387 1456 che
422 1405 721 1453 Redens ⸗ Arten
753 1402 880 1452 ziehlen.
967 1400 1107 1451 Quodſi
1135 1392 1237 1440 enim

335 1453 415 1503 quis
436 1452 606 1493 iniurioſa
636 1451 744 1492 verba
767 1447 1055 1501 imperſonaliter
1079 1453 1236 1489 euomat,

336 1513 408 1543 nec
432 1504 642 1554 cuiusquam
658 1500 900 1540 mentionem
926 1496 1050 1545 faciat,
1074 1505 1198 1534 tamen
1213 1495 1238 1532 ſi

338 1563 384 1596 ex
399 1555 543 1597 indiciis
554 1552 812 1596 ſufficientibus
829 1550 977 1598 conſtat,
987 1548 1027 1587 in
1042 1546 1143 1586 cuius
1156 1557 1239 1596 per-

338 1605 436 1647 ſonæ
463 1601 723 1645 contumeliam
744 1600 852 1639 verba
875 1598 933 1637 illa
960 1596 1132 1637 iniurioſa
1152 1606 1239 1646 pro-

337 1655 405 1695 lata
416 1655 563 1702 fuerint,
584 1654 613 1691 is
623 1653 755 1692 merito
769 1648 978 1690 iniuriarum
986 1656 1144 1689 tenetur;

437 1736 485 1761 10.
506 1735 719 1763 HARPRECHT
736 1720 817 1769 ad§.
837 1734 858 1758 1.
876 1723 901 1759 I.
914 1719 955 1758 de
966 1718 1068 1757 iniur.
1083 1728 1114 1754 n.
1132 1725 1193 1760 141.

441 1778 635 1817 BERLICH.
614 1771 637 1820 P.
651 1788 682 1822 5.
694 1773 793 1811 concl.
794 1784 844 1818 59.
860 1782 893 1808 n.
909 1779 963 1815 45.

439 1829 561 1857 CARPZ.
575 1831 602 1854 2.
617 1814 706 1865 Reſp.
720 1827 772 1859 59.

446 1947 757 2016 Rationes
779 1937 1147 2013 decidendi.

392 2042 545 2089 Dieweil
553 2043 631 2083 aber
640 2040 786 2090 dennoch
796 2038 897 2087 dieſes
912 2037 996 2077 alles
1010 2043 1100 2082 zwar
1114 2043 1160 2073 an
1173 2034 1244 2073 und

343 2110 405 2141 vor
414 2103 472 2147 ſich
491 2100 616 2148 ſelbſten
631 2100 711 2143 ſeine
728 2095 924 2145 Richtigkeit
938 2095 1021 2142 hat,
1046 2092 1126 2139 doch
1144 2089 1248 2138 alhier

343 2155 382 2191 es
396 2149 481 2196 billig
490 2149 554 2194 auf
559 2149 609 2188 die
618 2146 731 2196 Frage
740 2142 928 2191 ankommt,
956 2142 999 2182 ob
1020 2143 1061 2179 K.
1072 2134 1124 2185 mit
1128 2139 1248 2188 ſeiner

343 2201 503 2249 teutſchen
514 2198 664 2249 Schrifft
679 2194 936 2247 Sempronium
952 2191 1181 2241 angeſtochen?
1188 2189 1249 2240 ſol⸗

345 2242 418 2299 ches
427 2248 506 2290 aber
514 2251 623 2289 weder
631 2251 699 2286 aus
712 2250 769 2286 der
778 2241 917 2294 Schrift
924 2240 1051 2291 ſelbſten
1061 2249 1100 2288 zu
1106 2236 1247 2287 erſehen,

346 2299 404 2340 als
418 2296 532 2345 welche
552 2306 587 2338 an
594 2300 665 2336 und
681 2302 744 2336 vor
754 2293 815 2343 ſich
830 2291 989 2343 general,
1013 2294 1083 2330 und
1100 2296 1169 2330 von
1186 2290 1247 2330 kei⸗

349 2363 408 2394 ner
422 2352 553 2403 Perſon
568 2352 623 2391 ins
630 2347 800 2396 beſondere
815 2350 925 2394 redet,
945 2343 1025 2390 noch
1033 2343 1115 2390 auch
1127 2343 1166 2381 in
1181 2342 1249 2380 du-

350 2403 415 2442 bio
440 2402 508 2442 eine
530 2397 766 2451 præſumtion
783 2405 820 2445 zu
833 2394 952 2445 faſſen,
978 2394 1044 2441 daß
1063 2403 1095 2434 er
1109 2394 1170 2434 mit
1187 2390 1248 2441 ſol⸗

350 2453 438 2503 chem
446 2449 718 2491 raiſonnement
723 2447 858 2496 jemand
869 2443 1087 2497 abſonderlich
1093 2443 1178 2492 habe
1188 2452 1250 2483 an⸗

1258 514 1390 566 greiffen
1409 516 1550 563 wollen,
1582 508 1714 559 zumahl
1764 523 1782 549 in
1809 509 1922 548 dubio
1960 508 2166 557 præſumtio

1260 566 1386 606 omnis
1400 565 1522 606 delicti
1539 565 1593 603 eſt
1607 560 1793 607 excluſiua;

1359 629 1520 658 MENOCH.
1535 618 1589 656 lib.
1602 630 1635 662 5.
1642 613 1791 665 præſ.
1753 617 1795 668 35.
1799 627 1830 652 n.
1842 619 1871 656 8.

1367 678 1495 705 MEVIVS
1505 663 1595 713 conſ.
1605 670 1646 701 16.
1656 676 1688 700 n.
1694 670 1742 708 38.

1262 720 1380 768 mithin
1390 724 1458 761 aus
1474 718 1578 759 einem
1588 715 1710 765 bloſſen
1718 713 1902 764 Verdacht
1919 710 2003 760 nicht
2011 711 2113 762 ſofort
2128 712 2170 751 ei⸗

1263 781 1304 812 ne
1319 770 1410 809 actio
1430 767 1641 808 iniuriarum
1657 776 1697 813 zu
1718 762 1931 814 indulgiren,
1953 765 2174 811 vornehmlich

1273 823 1376 864 einem
1388 824 1421 862 in
1429 822 1531 865 Amte
1542 818 1711 869 ſtehenden
1720 818 1900 868 Prediger,
1927 816 1988 854 wie
2003 817 2175 864 Sempro-

1270 874 1352 913 nius
1366 874 1415 922 iſt,
1441 871 1497 914 als
1515 869 1648 918 welcher
1656 857 1849 919 ohnedem,
1870 874 1968 906 wenn
1983 867 2064 912 auch
2078 867 2173 914 gleich

1270 922 1445 973 offenbahr
1458 918 1573 970 waͤre,
1602 920 1670 967 daß
1693 929 1726 961 er
1749 918 1867 965 einiger
1890 916 2014 965 maſſen
2028 914 2175 963 beſchim⸗

1270 977 1354 1025 pfet,
1380 976 1476 1023 ſeiner
1487 973 1675 1017 Gemeinde
1690 982 1763 1020 zum
1779 970 1907 1019 Beſten
1924 975 1993 1010 und
2012 968 2177 1017 Nachfol⸗

1269 1035 1309 1073 ge
1319 1027 1381 1064 alle
1396 1017 1570 1072 aͤrgerliche
1591 1015 1921 1069 iniurien⸗proceſſe
1944 1017 2061 1064 fahren
2078 1019 2177 1064 laſſen

1270 1070 1387 1123 muͤſſe,
1410 1076 1473 1115 wie
1486 1068 1688 1120 vielweniger
1701 1069 1830 1110 denn
1801 1066 1837 1119 in
1846 1066 1980 1117 ſolchem
1998 1069 2106 1116 Falle,
2131 1075 2178 1105 da

1272 1133 1309 1169 es
1317 1127 1398 1173 noch
1406 1127 1490 1175 nicht
1497 1123 1648 1174 offenbar
1659 1124 1709 1174 iſt,
1727 1122 1864 1169 ſondern
1876 1131 1910 1161 er
1925 1129 1989 1160 nur
1999 1124 2088 1159 einen
2096 1121 2179 1168 bloſ⸗

1275 1181 1329 1228 ſen
1344 1176 1527 1225 Verdacht
1542 1176 1645 1217 wider
1657 1175 1698 1212 K.
1722 1173 1803 1222 hat,
1829 1170 1897 1219 daß
1912 1181 1944 1211 er
1960 1172 2015 1218 ihn
2029 1173 2179 1216 angeſto⸗

1277 1227 1367 1277 chen,
1395 1224 1532 1274 welches
1555 1226 1633 1274 doch
1652 1223 1731 1271 noch
1749 1223 1810 1269 erſt
1822 1222 1903 1270 muß
1927 1221 2079 1266 bewieſen
2096 1229 2181 1259 wer⸗

1276 1284 1356 1329 den;
1381 1278 1428 1318 im
1439 1272 1577 1324 uͤbrigen
1593 1279 1698 1316 denen
1717 1274 1866 1322 Rechten
1890 1273 1973 1320 nach
1977 1273 2006 1324 in
2045 1274 2179 1317 derglei⸗

1278 1333 1354 1380 chen
1373 1325 1718 1378 iniurien⸗proceſſen
1740 1335 1821 1365 man
1841 1325 1901 1375 ſich
1918 1324 2005 1371 billig
2022 1331 2061 1369 zu
2077 1326 2179 1368 huͤten

1279 1380 1354 1429 hat,
1378 1392 1427 1416 ne
1449 1377 1557 1416 verba
1573 1389 1619 1415 ex
1640 1373 1744 1415 ſenſu
1758 1372 1867 1413 nimis
1888 1374 2044 1413 delicato
2067 1376 2180 1408 inter-

1276 1445 1472 1487 pretemur,

1378 1491 1461 1518 MEV.
1475 1480 1552 1526 P.7.
1565 1477 1632 1515 dec.
1646 1488 1700 1513 112.

1279 1541 1319 1581 zu
1331 1529 1633 1582 geſchweigen,
1583 1522 1643 1584 daß
1648 1536 1748 1570 wenn
1756 1528 1798 1566 K.
1812 1525 1908 1576 gleich
1922 1522 2181 1577 Sempronium

1283 1583 1511 1633 angeſtochen,
1538 1593 1572 1621 er
1587 1589 1651 1623 vor
1669 1580 1749 1626 ſeine
1766 1577 1899 1629 Perſon
1922 1574 2129 1614 iniuriarum
2147 1585 2185 1620 zu

1285 1634 1398 1682 klagen
1408 1633 1494 1680 nicht
1505 1633 1618 1675 weiter
1631 1630 1745 1679 befugt
1757 1629 1829 1677 ſeyn
1846 1627 1956 1677 koͤnte,
1971 1630 2014 1666 da
2025 1636 2057 1665 er
2071 1628 2095 1674 ſo
2106 1629 2185 1673 hart

1285 1689 1355 1725 und
1369 1685 1403 1726 in
1415 1681 1628 1724 iniurieuſen
1641 1679 1806 1719 terminis
1821 1680 1924 1720 wider
1931 1677 1971 1714 K.
1985 1680 2186 1725 geprediget,

1286 1743 1357 1780 und
1372 1739 1440 1786 daß
1456 1748 1489 1778 er
1504 1738 1558 1786 ihn
1575 1731 1681 1782 etliche
1700 1732 1792 1781 mahl
1809 1731 1899 1771 einen
1922 1728 2081 1779 gottloſen
2100 1725 2187 1772 Bu⸗

1287 1791 1350 1830 ben
1368 1785 1530 1837 oͤffentlich
1545 1781 1735 1835 geſcholten,
1756 1785 1826 1823 und
1842 1781 1910 1828 alſo
1920 1774 2012 1830 mehr
2020 1780 2075 1820 als
2088 1780 2188 1825 zuviel

1282 1825 1513 1882 retorquiret,
1538 1839 1607 1877 qua
1622 1828 1821 1866 retorſione
1836 1829 1975 1863 tollitur
1986 1830 2076 1862 actio
2091 1833 2188 1859 iniu-

1284 1886 1416 1926 riarum
1434 1884 1471 1923 &
1488 1885 1584 1938 paria
1602 1881 1733 1922 delicta
1751 1890 1875 1919 mutua
1887 1881 2190 1929 compenſatione

1283 1939 1474 1982 tolluntur;

1346 1987 1406 2029 I.
1417 2002 1466 2035 39.
1483 1990 1528 2027 D.
1535 1987 1600 2038 ſol.
1610 1998 1712 2027 matr.

1285 2046 1356 2083 und
1378 2041 1500 2089 endlich
1517 2039 1599 2088 noch
1611 2047 1668 2085 zur
1687 2037 1762 2085 Zeit
1782 2032 2020 2086 Sempronius
2035 2034 2137 2075 wider
2150 2034 2192 2072 K.

1286 2093 1374 2133 keine
1391 2087 1527 2130 indicia
1541 2085 1782 2136 vorgebracht,
1815 2087 1949 2124 daraus
1969 2092 2051 2122 man
2069 2085 2194 2129 einigen

1287 2139 1465 2191 Argwohn
1478 2140 1581 2181 wider
1601 2138 1658 2185 ihn
1680 2137 1819 2186 nehmen
1833 2133 1951 2183 koͤnte,
1984 2142 2018 2171 er
2034 2134 2192 2178 hergegen

1290 2196 1351 2247 ſich
1367 2197 1429 2235 mit
1446 2193 1550 2234 einem
1564 2192 1660 2240 Eyde
1679 2200 1717 2238 zu
1733 2186 1896 2239 purgiren
1913 2189 2085 2235 getrauet;

1347 2246 1415 2289 So
1429 2240 1542 2292 halten
1558 2243 1621 2283 wir
1640 2238 1762 2290 dafuͤr,
1788 2239 1856 2286 daß
1881 2238 2119 2287 Sempronius
2133 2233 2196 2283 bey

1388 2296 1503 2343 dieſem
1524 2287 1675 2344 Umſtande
1697 2293 1787 2333 keine
1800 2285 2079 2336 iniurien⸗Klage
2091 2287 2195 2327 wider

1390 2354 1431 2390 K.
1448 2350 1582 2398 erheben
1597 2346 1712 2389 koͤnne.
1781 2347 1824 2391 V.
1847 2348 1883 2391 R.
1890 2347 1963 2391 W.

1600 2407 1744 2436 NOMINE
1770 2405 1988 2434 FACVLTATIS
2015 2402 2195 2431 IVRIDICAE

1676 2459 1790 2485 MENSE
1820 2457 1930 2484 APRIL.
1948 2454 2097 2483 MDCCV.

2183 714 2225 761 12

2195 1289 2237 1327 13

2195 1535 2239 1568 14

581 2687 1393 2771 RESPONSVM
1473 2670 1959 2773 LXXXI.

1110 2807 1456 2859 THEMA.

357 2896 643 2974 Miniſter
662 2885 939 2965 eccleſiæ
968 2891 1187 2966 officio
1214 2888 1325 2957 ſuo
1356 2879 1649 2956 ſatisfacit
1675 2877 2201 2968 reprehendendo

555 2984 630 3053 &
650 2975 1099 3048 denunciando
1124 2971 1404 3042 exceſſus
1418 2982 1640 3036 contra
1660 2966 2084 3033 ordinationes
2105 2981 2201 3026 ec-

552 3070 941 3149 cleſiaſticas,
985 3088 1109 3135 nec
1126 3063 1253 3136 fiſci
1267 3061 1551 3136 officium
1560 3054 1862 3144 ſuſcipere
1876 3050 2205 3126 obſtrictus

553 3164 725 3224 eſt.

462 3243 612 3284 Confer
624 3237 838 3292 reſponſum
856 3240 894 3278 in
908 3238 976 3276 iur.
990 3234 1106 3286 eccleſ.
1106 3232 1242 3286 proteſt.
1256 3244 1335 3273 tom.
1345 3236 1371 3272 I.
1382 3230 1438 3273 lib.
1447 3232 1473 3271 I.
1485 3226 1539 3268 tit.
1552 3238 1608 3273 24.
1616 3236 1735 3276 p.574.

578 3327 1392 3464 RESPONSVM
1451 3324 1986 3461 LXXXII.

1109 3482 1459 3561 THEMA.

371 3586 470 3652 De
487 3581 777 3671 precibus
798 3574 1060 3665 publicis
1078 3591 1196 3660 pro
1228 3569 1511 3659 principe
1541 3561 1858 3645 territorii,
1907 3558 2214 3649 patronis,

565 3664 835 3734 dominis
872 3650 1452 3733 iurisdictionalibus
1481 3667 1831 3734 eorumque
1869 3642 2111 3716 familiis
2151 3644 2217 3710 in

567 3753 824 3817 eccleſia
852 3745 1165 3817 faciendis.

470 3840 567 3880 Vide
585 3835 774 3889 reſponſum
786 3836 876 3875 XIX.
892 3835 929 3873 in
939 3830 1089 3874 themate
1101 3833 1127 3880 I.
1141 3832 1185 3871 II.
1199 3832 1262 3873 III.

421 3887 547 3930 Bœhm.
557 3887 653 3939 Conſ.
660 3886 732 3926 Vol.
740 3890 768 3927 I.
780 3886 822 3926 P.
834 3889 866 3926 I.
