2618 2817
630 332 709 379 394

910 319 1135 364 Auslegung
1135 319 1225 364 der
1225 319 1378 364 Epiſtel
1378 319 1452 364 am
1452 319 1568 364 Tage
1568 319 1647 364 der
1647 319 1752 364 Heil.
1752 319 1861 364 Drey
1861 319 2039 364 Koͤnige.

2189 316 2256 368 395

693 414 743 441 10.
769 399 845 446 Alſo
856 398 939 445 heißt
951 409 1018 438 nun
1026 401 1088 439 das
1098 395 1347 446 Evangelium
1354 397 1450 442 auch

646 449 806 491 GOttes
820 446 991 491 Klarheit
1005 449 1079 486 und
1088 445 1188 495 unſer
1202 446 1320 491 Licht.
1370 444 1458 492 Un⸗

645 502 692 550 ſer
713 499 818 546 Licht,
848 503 986 546 darum,
1018 500 1082 548 daß
1103 508 1164 540 wir
1185 499 1328 546 dadurch
1350 500 1453 547 ſehen

643 554 713 593 und
728 552 878 593 erkennen
888 549 1010 598 GOtt,
1025 557 1091 591 uns
1104 549 1191 599 ſelbſt
1197 552 1264 590 und
1271 554 1331 591 alle
1340 549 1454 593 Din⸗

644 613 702 650 ge:
728 602 818 645 Aber
835 602 981 646 GOttes
1006 601 1176 649 Klarheit,
1202 604 1340 648 darum,
1375 600 1456 648 daß

645 657 788 700 dadurch
802 654 911 698 GOtt
925 656 987 702 ſein
1002 655 1115 699 Werk
1130 654 1197 694 und
1212 655 1271 694 alle
1286 654 1347 700 ſein
1357 654 1455 700 herr⸗

643 712 705 755 lich
719 708 847 755 Weſen
868 707 1066 755 geprediget,
1091 706 1253 755 beruffen,
1278 702 1455 754 beruͤhmt,

644 756 780 795 erkannt
812 755 880 794 und
907 753 984 800 hoch
1013 750 1161 801 gehalten
1190 751 1275 792 wird
1301 753 1334 793 in
1360 755 1455 793 aller

640 806 763 853 Welt.

692 874 733 899 11.
759 859 835 901 Und
851 868 946 899 wenn
962 858 1025 898 wir
1042 857 1119 904 noch
1140 857 1337 906 eigentlicher
1358 858 1454 897 wol⸗

642 908 696 950 len
718 910 829 948 davon
850 908 962 953 reden,
987 906 1017 952 ſo
1041 908 1078 956 iſt
1101 909 1164 947 das
1189 893 1446 959 Evangelium

644 961 728 1007 nicht
744 963 793 1000 die
817 954 954 1012 Klarheit
966 953 1087 1011 ſelbſt,
1100 959 1180 1002 auch
1196 952 1274 1008 nicht
1296 961 1347 997 das
1354 958 1439 1004 Licht

644 1010 754 1059 ſelbſt;
780 1010 911 1055 ſondern
927 1015 961 1048 es
978 1010 1015 1056 iſt
1038 1012 1101 1048 der
1122 1005 1295 1057 Aufgang
1309 1007 1456 1053 ſolcher

644 1064 837 1110 Klarheit,
873 1067 939 1104 und
959 1062 1115 1110 Zukunft
1142 1063 1275 1108 ſolches
1302 1062 1458 1109 Lichts,

641 1117 709 1156 das
724 1116 760 1160 iſt
784 1113 888 1159 nichts
911 1115 1051 1159 anders,
1078 1114 1161 1152 denn
1183 1114 1249 1152 eine
1271 1112 1455 1161 Offenba⸗

645 1173 732 1209 rung
742 1160 856 1209 ſolches
871 1162 976 1206 Lichts
992 1163 1060 1201 und
1074 1159 1252 1210 Klarheit;
1279 1163 1364 1201 denn
1378 1148 1457 1216 das

646 1221 731 1267 Licht
758 1222 825 1259 und
846 1218 996 1261 Klarheit
1022 1218 1061 1264 iſt
1082 1216 1200 1264 allezeit
1220 1215 1358 1263 geweſen
1379 1225 1442 1255 von

644 1271 827 1318 Ewigkeit,
850 1269 912 1309 wie
922 1266 1008 1315 Joh.
1023 1278 1093 1314 1,4.
1103 1280 1132 1312 5.
1167 1267 1271 1314 ſaget:
1310 1268 1353 1316 Jn
1368 1268 1443 1313 ihm

644 1327 728 1355 war
744 1321 812 1356 das
828 1316 965 1360 Leben,
990 1317 1065 1354 und
1079 1318 1148 1355 das
1159 1314 1268 1356 Leben
1288 1315 1343 1358 war
1374 1316 1442 1354 das

645 1372 749 1414 Licht
764 1374 825 1409 der
839 1369 1058 1417 Menſchen;
1085 1369 1162 1409 aber
1159 1364 1189 1413 es
1220 1368 1257 1414 iſt
1272 1369 1358 1412 nicht
1370 1366 1443 1413 auf⸗

646 1427 775 1465 gangen
790 1420 867 1464 noch
882 1416 1029 1468 oͤffenlich
1049 1415 1271 1465 verkuͤndiget,
1298 1420 1380 1456 denn
1395 1416 1443 1455 al⸗

644 1475 710 1514 lein
727 1472 845 1518 durchs
859 1470 1092 1516 Evangelium.
1140 1468 1285 1512 Darum
1303 1469 1342 1514 iſt
1362 1468 1442 1515 auch

645 1524 713 1565 das
728 1520 947 1568 Evangelium
965 1522 1016 1560 ein
1031 1520 1191 1569 Geſchrey
1205 1527 1268 1559 von
1279 1516 1444 1566 goͤttlicher

645 1576 797 1622 Klarheit
806 1578 872 1615 und
885 1573 1109 1621 Herrlichkeit,
1124 1575 1188 1620 daß
1201 1580 1236 1614 es
1245 1575 1295 1614 die
1304 1574 1444 1620 Schrift

644 1622 725 1669 auch
746 1623 866 1663 darum
887 1628 1001 1662 nennet
1015 1623 1069 1661 die
1091 1622 1259 1664 Stimme
1274 1622 1443 1667 GOttes,

646 1676 709 1723 Pſ.
718 1684 774 1719 29,
794 1685 825 1717 3.
844 1676 909 1714 und
925 1674 988 1720 Pſ.
999 1676 1115 1719 68,34.
1131 1672 1197 1711 und
1214 1682 1258 1712 an
1278 1674 1338 1713 viel
1356 1672 1444 1718 mehr

647 1723 770 1771 Orten.
820 1718 939 1772 Jtem,
959 1728 1078 1764 darum
1095 1725 1179 1771 heißt
1203 1729 1238 1762 es
1259 1725 1340 1769 auch
1363 1725 1445 1766 Ev⸗

646 1774 842 1822 angelium,
853 1775 917 1813 das
929 1773 976 1821 iſt,
988 1774 1059 1811 eine
1068 1783 1151 1822 gute
1162 1771 1369 1820 Botſchaft,
1380 1772 1442 1819 daß

646 1831 683 1866 es
703 1819 909 1870 verkuͤndiget
923 1823 988 1862 und
1004 1823 1202 1868 ausſchreyet
1212 1817 1355 1867 goͤttliche
1365 1819 1441 1865 Guͤ⸗

649 1880 696 1920 te,
721 1869 869 1918 goͤttliche
886 1871 1098 1920 Herrlichkeit
1114 1873 1179 1911 und
1192 1860 1341 1919 goͤttliche
1357 1872 1442 1916 Ehre

649 1932 722 1968 oder
738 1927 900 1974 Klarheit,
911 1927 973 1966 wie
989 1926 1110 1973 Pſalm
1127 1936 1216 1968 19,2.
1241 1925 1344 1971 ſaget:
1372 1928 1442 1970 Die

648 1977 803 2016 Himmel
845 1974 999 2019 erzehlen
1033 1976 1087 2013 die
1120 1973 1227 2018 Ehre
1265 1965 1451 2016 GOttes,

648 2015 721 2067 und
744 2031 797 2065 die
817 2027 925 2075 Veſte
957 2022 1187 2074 verkuͤndiget
1216 2024 1321 2069 ſeiner
1344 2017 1451 2069 Haͤn⸗

650 2086 692 2121 de
723 2084 852 2123 Werk.
929 2080 1034 2122 Was
1064 2081 1102 2126 iſt
1131 2078 1338 2124 ausſchreyen
1377 2081 1443 2116 und

649 2125 862 2172 verkuͤndigen
871 2128 1012 2171 anders,
1039 2129 1120 2167 denn
1138 2127 1289 2173 predigen
1306 2128 1371 2166 und
1380 2129 1443 2165 das

652 2169 873 2225 Evangelium
896 2178 1072 2225 ausruffen
1095 2179 1192 2221 durch
1216 2178 1265 2216 die
1281 2177 1444 2225 Himmel,

652 2237 715 2274 das
726 2223 772 2280 iſt,
798 2225 835 2274 die
843 2234 998 2277 Apoſtel?
1026 2234 1131 2277 Was
1147 2235 1184 2278 iſt
1192 2232 1337 2273 GOttes
1346 2231 1447 2271 Klar⸗

653 2284 716 2331 heit
733 2285 797 2321 und
812 2284 942 2327 Werk,
970 2283 1055 2320 denn
1078 2283 1158 2328 ſeine
1185 2280 1355 2325 herrlichen
1379 2283 1444 2320 und

651 2333 773 2380 groſſen
788 2329 1019 2378 Reichthuͤmer
1036 2333 1131 2378 ſeiner
1146 2327 1240 2373 Guͤte
1261 2333 1328 2371 und
1345 2330 1443 2373 Gna⸗

651 2388 729 2431 den,
756 2378 832 2422 uͤber
846 2387 911 2421 uns
926 2383 1158 2430 ausgegoſſen?
1184 2382 1260 2424 Alſo
1277 2383 1362 2429 ſaget
1371 2381 1443 2425 St.

649 2435 794 2483 Paulus
810 2431 889 2477 Tit.
905 2444 938 2476 2,
961 2442 1009 2469 11:
1034 2433 1096 2473 Es
1112 2435 1152 2478 iſt
1174 2430 1376 2480 offenbaret
1391 2434 1445 2471 die

645 2477 871 2531 heilwaͤrtige
887 2480 1022 2520 Gnade
1043 2480 1199 2522 GOttes
1219 2481 1314 2520 allen
1330 2480 1443 2522 Men⸗

1464 394 1575 446 ſchen.
1628 397 1718 440 Wie
1733 398 1769 444 iſt
1782 393 1822 445 ſie
1837 394 2037 443 offenbaret?
2064 395 2189 439 Durch
2206 398 2263 435 des

1458 444 1637 491 Evangelii
1654 443 1833 491 Predigen.
1884 442 1977 485 Das
1992 445 2090 490 geben
2106 433 2187 488 auch
2195 443 2262 489 hier

1466 500 1516 542 die
1555 489 1659 544 Worte
1683 493 1798 547 Eſaiaͤ,
1820 498 1854 535 da
1873 507 1905 535 er
1914 498 2018 546 ſaget:
2044 498 2141 539 Dein
2155 496 2261 543 Licht

1466 550 1507 597 iſt
1519 550 1702 595 kommen,
1727 552 1803 589 und
1825 547 1984 590 GOttes
1997 546 2168 591 Klarheit
2182 543 2264 591 auf⸗

1467 598 1613 649 gangen
1625 592 1701 644 uͤber
1720 592 1800 650 dir,
1819 600 1882 639 das
1897 599 1953 647 iſt,
1979 603 2016 639 es
2031 600 2069 646 iſt
2083 603 2134 639 dir
2148 605 2262 644 gepre⸗

1468 654 1553 699 diget
1569 653 1636 691 und
1649 649 1851 696 verkuͤndiget
1864 653 1926 693 das
1934 652 2021 696 Licht
2036 645 2088 692 und
2101 644 2157 693 die
2155 652 2260 693 Klar⸗

1468 706 1531 750 heit
1551 706 1710 748 GOttes.
1784 706 1873 750 Und,
1893 706 1958 749 daß
1981 704 2145 752 Chriſtus
2160 706 2259 751 ſelbſt

1476 753 1536 792 das
1555 745 1648 802 Licht
1663 755 1729 792 und
1739 751 1909 795 Klarheit
1915 744 1983 803 ſey,
1997 750 2088 798 folget
2117 743 2261 803 darnach:

1458 806 1551 848 Und
1565 809 1627 845 der
1642 804 1758 851 HErr
1779 806 1873 845 wird
1892 801 1981 844 uͤber
2004 806 2059 844 dir
2072 800 2263 852 aufgehen,

1467 859 1531 899 das
1550 858 1598 904 iſt,
1613 853 1815 903 verkuͤndiget
1824 855 1962 894 werden.
2015 853 2126 901 Jtem,
2152 856 2197 894 im
2206 855 2260 901 ſel⸗

1466 898 1561 952 bigen
1582 904 1717 951 Capitel
1737 912 1771 943 v.
1789 914 1856 943 20:
1887 903 2021 952 GOtt,
2038 905 2118 942 dein
2132 901 2264 953 HErr,

1468 959 1564 995 wird
1579 960 1658 995 dein
1672 957 1776 995 Licht
1793 954 1884 995 ſeyn.

1522 1019 1571 1046 12.
1597 1005 1664 1050 So
1683 1006 1720 1053 iſt
1730 1017 1807 1047 nun
1820 1008 1884 1046 das
1897 1004 2003 1051 Licht
2022 1006 2090 1047 und
2100 1005 2149 1046 die
2163 1005 2268 1048 Klar⸗

1462 1057 1544 1108 heit
1547 1063 1665 1104 GOtt
1674 1063 1791 1110 ſelber,
1818 1062 1881 1101 wie
1894 1060 2050 1106 Chriſtus
2063 1059 2151 1107 Joh.
2165 1066 2197 1105 8,
2215 1068 2265 1098 12.

1469 1110 1577 1161 ſaget:
1597 1110 1655 1159 Jch
1674 1113 1729 1151 bin
1746 1115 1804 1152 das
1813 1109 1929 1153 Licht.
1952 1103 1987 1155 So
2009 1103 2105 1160 haben
2120 1109 2182 1152 wir
2191 1112 2265 1150 dro⸗

1471 1160 1541 1208 ben,
1551 1159 1584 1198 in
1593 1163 1646 1200 der
1655 1159 1775 1207 Epiſtel
1783 1169 1840 1202 am
1849 1157 2047 1206 Chriſttage,
2055 1159 2103 1201 (§.
2114 1167 2170 1201 29.
2180 1155 2269 1205 ſqq.)

1473 1208 1611 1260 gehoͤret,
1628 1213 1689 1252 wie
1699 1211 1853 1261 Chriſtus
1864 1211 1908 1258 ſey
1917 1211 1970 1252 der
1979 1212 2089 1258 Glanz
2103 1207 2268 1259 goͤttlicher

1472 1250 1648 1311 Klarheit;
1692 1262 1723 1308 ſo
1750 1261 1808 1310 iſts
1831 1249 1964 1307 hieraus
1994 1259 2161 1308 offenbar,
2199 1258 2266 1306 daß

1471 1318 1592 1363 Eſaias
1605 1317 1672 1365 hier
1688 1317 1772 1359 nicht
1786 1316 1870 1357 redet
1884 1322 1948 1356 von
1960 1316 2015 1357 der
2040 1314 2169 1365 Zukunft
2187 1309 2264 1364 oder

1472 1366 1631 1414 Aufgang
1654 1366 1708 1407 der
1724 1366 1858 1411 Geburt
1879 1364 2020 1415 Chriſti,
2053 1365 2184 1411 ſondern
2201 1373 2266 1405 von

1472 1419 1542 1459 dem
1556 1416 1717 1465 Aufgang
1731 1420 1788 1459 des
1803 1416 1977 1464 Evangelii
1991 1418 2071 1462 nach
2087 1417 2140 1458 der
2160 1417 2265 1466 Him⸗

1472 1472 1624 1519 melfahrt
1649 1471 1792 1517 Chriſti,
1817 1471 1959 1516 dadurch
1997 1470 2153 1517 Chriſtus
2172 1470 2266 1518 geiſt⸗

1472 1524 1531 1569 lich
1553 1523 1623 1563 und
1653 1522 1787 1569 ſeliglich
1801 1520 1990 1567 aufgangen
2012 1523 2081 1561 und
2105 1518 2265 1563 verklaͤret

1473 1573 1510 1615 iſt
1533 1571 1565 1611 in
1587 1570 1635 1610 die
1658 1569 1785 1619 Herzen
1807 1571 1885 1610 aller
1912 1566 2106 1616 Glaͤubigen
2144 1568 2176 1608 in
2210 1571 2265 1609 der

1473 1626 1589 1668 Welt.
1637 1624 1729 1667 Von
1729 1613 1871 1668 welchem
1903 1622 2046 1668 Aufgang
2060 1617 2107 1663 die
2123 1622 2267 1670 Schrift

1472 1668 1562 1715 mehr
1576 1668 1682 1715 ſaget,
1710 1671 1793 1710 denn
1813 1675 1879 1709 von
1901 1671 1955 1708 der
1979 1661 2095 1716 Geburt
2128 1668 2266 1718 Chriſti.

1472 1725 1584 1767 Denn
1597 1724 1639 1763 da
1656 1723 1748 1770 lieget
1760 1722 1842 1769 auch
1857 1722 1905 1764 die
1940 1718 2039 1771 Macht
2056 1731 2105 1770 an,
2129 1730 2186 1762 um
2196 1723 2266 1763 der⸗

1471 1776 1604 1820 ſelbigen
1618 1776 1723 1816 willen
1740 1777 1779 1820 iſt
1792 1784 1825 1812 er
1840 1774 1921 1818 auch
1935 1772 2089 1821 geboren,
2115 1774 2179 1823 daß
2189 1774 2264 1819 St.

1470 1807 1612 1866 Paulus
1637 1817 1769 1866 hierauf
1792 1817 1852 1867 ſich
1876 1813 2015 1864 gruͤndet
2041 1818 2106 1858 und
2133 1817 2309 1865 ſpricht:

1469 1868 1547 1920 Das
1558 1871 1806 1920 Evangelium
1815 1872 1867 1920 ſey
1878 1867 1942 1919 von
1952 1867 2069 1916 GOtt
2077 1871 2266 1921 verheiſſen

1471 1926 1583 1965 durch
1609 1927 1663 1963 die
1691 1924 1937 1972 Propheten,
1962 1925 1998 1960 in
2029 1925 2091 1964 der
2115 1923 2265 1971 heiligen

1470 1970 1641 2008 Schrift,
1667 1983 1740 2008 von
1752 1966 1874 2008 ſeinem
1901 1982 2048 2008 Sohnꝛc.

1531 2039 1577 2070 13.
1602 2025 1695 2072 Auch
1716 2027 1754 2073 iſt
1774 2023 1908 2070 hieraus
1929 2024 2093 2073 offenbar,
2122 2028 2200 2064 was
2220 2024 2264 2065 da

1471 2077 1517 2121 ſey
1527 2076 1591 2113 das
1606 2071 1873 2122 Evangelium,
1898 2074 1963 2112 und
1986 2079 2103 2113 wovon
2120 2076 2154 2111 es
2178 2071 2264 2118 ſage.

1472 2127 1523 2169 Es
1539 2126 1576 2174 iſt
1592 2128 1665 2164 eine
1680 2124 1837 2174 Zukunft
1856 2127 1918 2164 des
1935 2125 2077 2171 Lichtes
2090 2128 2156 2165 und
2173 2123 2266 2172 Auf⸗

1472 2183 1573 2221 gang
1591 2175 1654 2212 der
1668 2168 1861 2222 goͤttlichen
1876 2173 2057 2218 Klarheit.
2108 2171 2160 2215 Es
2179 2174 2266 2220 ſaget

1473 2227 1557 2272 nicht
1581 2225 1695 2271 mehr,
1725 2227 1806 2266 denn
1825 2233 1890 2265 von
1917 2222 2078 2274 goͤttlicher
2102 2225 2266 2272 Klarheit,

1475 2279 1564 2324 Ehre
1578 2279 1646 2317 und
1663 2276 1802 2324 Ruhm,
1828 2279 1890 2316 das
1908 2276 1963 2322 iſt,
1989 2283 2024 2318 es
2040 2275 2167 2322 ruͤhmet
2181 2277 2267 2324 nicht

1474 2332 1564 2376 mehr
1587 2334 1668 2370 denn
1690 2332 1836 2375 GOttes
1856 2330 1986 2378 Werk,
2023 2332 2100 2378 ſeine
2123 2329 2267 2377 Gnade,

1474 2381 1552 2421 ſeine
1567 2376 1739 2424 Guͤtigkeit
1753 2374 1830 2419 uͤber
1846 2381 1930 2421 uns,
1955 2377 2022 2416 und
2038 2378 2100 2419 daß
2117 2376 2180 2417 wir
2203 2376 2267 2424 ſein

1474 2434 1606 2477 Werk,
1640 2432 1717 2475 ſeine
1732 2432 1858 2476 Gnade
1882 2432 1948 2471 und
1975 2432 2053 2480 ſeine
2084 2428 2268 2481 Guͤtigkeit,

1472 2485 1541 2526 und
1556 2481 1611 2533 ihn
1625 2483 1713 2536 ſelbſt
1726 2483 1831 2533 haben
1847 2480 1940 2531 ſollen
1948 2484 2013 2525 und
2022 2475 2161 2534 muͤſſen,
2187 2482 2268 2523 wol⸗

2215 2539 2285 2578 len
