1711 2472
493 272 598 318 154

505 374 688 412 admodum
707 373 880 426 reſpondit
900 378 977 416 Rot.
1001 379 1037 415 in
1059 379 1190 417 Imolen.
1203 379 1418 433 Inveſtimenti
1430 393 1488 431 23.

504 432 582 470 Jun.
606 436 698 481 1755.
722 437 756 479 §.
781 446 829 470 10.
854 449 915 472 cor.
943 438 1111 487 Figueroa,
1135 441 1202 477 ibi:
1232 442 1344 479 »Cum
1373 449 1490 479 autem

505 495 705 529 »utramque
727 488 874 536 adiverit
896 489 1137 542 hæreditatem,
1171 499 1236 533 nec
1256 498 1404 537 unquam
1423 486 1489 523 do-

507 555 658 589 »cuerit;
687 543 807 586 juſtum
827 552 943 586 feciſſe
963 545 1193 591 Inventarium
1211 549 1326 591 quoad
1346 541 1489 583 hæredi-

502 609 635 647 »tatem
650 610 809 647 Iſabellæ,
839 614 881 651 ac
906 603 952 648 de
978 603 1152 648 utriusque
1174 602 1373 640 hæreditatis
1390 600 1490 640 bonis

500 658 592 707 »rite
616 659 785 703 rationem
807 672 1000 711 reddidiſſe,
1033 672 1108 705 non
1127 670 1277 705 poterat,
1307 658 1425 707 utique
1452 657 1488 696 ſe

507 728 637 761 »Patris
657 737 716 763 aut
740 730 860 764 Matris
887 729 1112 766 Creditricem
1135 717 1304 768 profiteri,
1336 720 1394 758 ſed
1415 721 1490 758 imo

504 786 661 819 »illarum
675 778 913 823 obligationes,
932 778 965 811 &
986 784 1175 821 contractus
1195 778 1350 828 religioſe
1371 779 1486 817 obſer-

496 845 604 878 »vare
621 845 723 876 atque
749 837 875 879 exequi
890 843 1100 877 tenebatur.”
1136 836 1168 871 &
1189 850 1223 872 in
1242 835 1483 883 Confirmatoria

500 902 536 931 4.
558 890 636 923 Jun.
668 891 761 936 1756.
788 892 820 936 §.
843 901 881 938 9.
908 903 970 929 cor.
996 894 1122 933 Borull.
1151 896 1214 932 ibi:
1254 898 1355 936 »Non
1373 896 1487 935 adhuc

503 957 620 993 »enim
641 947 793 996 depoſita
815 956 1025 994 hæreditaria
1042 950 1204 1001 qualitate
1223 954 1396 1003 utriusque
1421 962 1485 1002 pa-

498 1004 627 1050 »rentis
653 1004 818 1056 incaſſum
846 1006 969 1050 eadem
983 1005 1018 1049 in
1038 1004 1300 1048 repreſentantia
1318 1001 1485 1042 Creditri-

500 1061 574 1103 »cis
584 1061 725 1108 ſuorum
737 1063 922 1109 Auctorum
936 1062 1062 1101 factum
1073 1063 1310 1111 impugnaſſet,
1325 1063 1422 1111 quod
1430 1074 1486 1100 re-

495 1115 650 1165 »ligioſe,
672 1128 737 1167 qua
755 1116 858 1158 hæres
871 1118 1004 1159 ſervare
1018 1121 1215 1164 debuiſſet.”
1245 1124 1265 1162 &
1287 1127 1318 1163 in
1335 1127 1486 1163 Romana

495 1174 708 1229 aſſociationis
720 1189 752 1222 4.
763 1177 835 1216 Jul.
847 1179 939 1228 1755.
955 1179 988 1230 §.
991 1180 1090 1228 final.
1109 1194 1171 1219 cor.
1184 1180 1305 1234 Buſſio.
1325 1182 1485 1230 „Donec

495 1239 673 1281 „rationes
703 1252 839 1287 redditæ
868 1253 939 1279 non
965 1241 1102 1289 fuerint,
1127 1252 1244 1280 manet
1264 1243 1483 1293 perſonarum

492 1311 688 1349 „confuſio,
713 1301 873 1346 adeoque
887 1313 1004 1334 manet
1023 1301 1320 1351 impedimentum,
1346 1299 1482 1351 quomi-

492 1374 584 1397 „nus
599 1362 774 1405 proprium
790 1361 842 1406 jus
862 1362 905 1395 ab
922 1361 1133 1415 hæreditario
1145 1361 1218 1412 jure
1229 1358 1483 1414 diſtinguatur.”

489 1427 667 1470 Aptiſſime
690 1429 769 1462 Rot.
787 1429 824 1459 in
843 1429 1009 1469 Romana,
1027 1422 1090 1473 ſeu
1112 1429 1333 1467 Mediolanen.
1362 1429 1482 1476 Trans-

490 1487 623 1519 actionis
628 1485 727 1529 ſuper
727 1485 883 1531 fructibus
896 1497 950 1532 31.
964 1485 1105 1522 Januar.
1113 1486 1207 1532 1757.
1222 1486 1255 1533 §.
1265 1499 1301 1530 4.
1316 1500 1377 1529 cor.
1389 1490 1480 1526 Bus-

480 1551 546 1592 ſio,
562 1551 629 1599 ibi:
651 1547 797 1595 „Quum
810 1547 962 1595 Duciſſa,
980 1548 1101 1593 Laura,
1122 1548 1231 1587 hæres
1257 1551 1410 1590 extiterit
1430 1551 1481 1593 ſui

488 1609 622 1654 „Patris
645 1627 724 1662 ...
743 1610 828 1645 inde
845 1609 897 1653 fit,
917 1619 955 1647 ut
971 1610 1073 1648 etiam
1087 1607 1156 1660 ipſa
1172 1609 1208 1648 in
1221 1613 1379 1651 eamdem
1392 1613 1479 1653 obli-

488 1668 701 1715 „gationem,
726 1680 793 1714 qua
812 1671 890 1705 ſuus
907 1673 1024 1710 auctor
1044 1671 1327 1725 obſtringebatur,
1346 1672 1477 1715 ſucces-

489 1726 612 1772 „ſerit,
642 1736 707 1763 nec
728 1727 772 1763 ab
789 1739 832 1765 ea
855 1730 926 1767 ſeſe
941 1723 1105 1779 excipere
1124 1732 1217 1770 valet
1246 1730 1304 1769 ſub
1325 1734 1476 1785 præſidio

487 1786 661 1840 „confecti
688 1788 891 1838 Inventarii,
918 1801 997 1828 nam
1029 1801 1212 1844 quousque
1236 1803 1305 1833 non
1334 1796 1476 1842 doceat,

484 1857 597 1909 „illud
610 1859 675 1897 rite
687 1859 896 1901 celebratum
912 1861 1019 1913 fuiſſe,
1031 1874 1097 1901 nec
1111 1862 1277 1906 rationem
1296 1867 1475 1915 exhibeat,

484 1918 557 1969 „de
575 1917 676 1958 bonis
702 1919 849 1971 repertis
861 1923 910 1962 in
926 1918 1126 1966 hæreditate
1154 1932 1310 1978 paterna,
1347 1929 1474 1979 jurium

485 1987 547 2034 „&
567 1984 738 2027 actionum
762 1986 928 2036 confuſio,
951 1988 1042 2042 apud
1063 1987 1167 2041 ipſam
1183 1991 1303 2033 adhuc
1308 1991 1472 2051 perſeve-

1369 2075 1474 2110 „rat,
