<?xml version='1.0' encoding='utf-8'?>
<PcGts xmlns="http://schema.primaresearch.org/PAGE/gts/pagecontent/2019-07-15" xmlns:xsi="http://www.w3.org/2001/XMLSchema-instance" pcGtsId="PAGE_01" xsi:schemaLocation="http://schema.primaresearch.org/PAGE/gts/pagecontent/2019-07-15 http://schema.primaresearch.org/PAGE/gts/pagecontent/2019-07-15/pagecontent.xsd">
  <Metadata>
    <Creator>OCR-D DFG Phase III</Creator>
    <Created>2024-01-19T13:10:51Z</Created>
    <LastChange>2024-01-19T13:10:51Z</LastChange>
    <Comments>ODEM: OCR-D extension for mass digitization (2021-2024)</Comments>
  </Metadata>
  <Page imageFilename="MAX/urn+nbn+de+gbv+3+1-823404-p0242-5_ger+lat.png" imageWidth="2643" imageHeight="2841" type="content" secondaryLanguage="Latin" primaryLanguage="German">
    <Border>
      <Coords points="452,107 406,2698 2476,2669 2485,116"/>
    </Border>
    <ReadingOrder>
      <OrderedGroup id="ro_1679318838232" caption="Regions reading order">
        <RegionRefIndexed index="0" regionRef="region0013"/>
        <RegionRefIndexed index="1" regionRef="region0014"/>
        <RegionRefIndexed index="2" regionRef="region0015"/>
        <RegionRefIndexed index="3" regionRef="region0016"/>
      </OrderedGroup>
    </ReadingOrder>
    <TextRegion orientation="-0.16283633" readingDirection="left-to-right" id="region0013" custom="readingOrder {index:0;}">
      <Coords points="734,347 1542,347 1542,1354 734,1354"/>
      <TextLine id="region0013_line0001" custom="readingOrder {index:0;}">
        <Coords points="1159,347 1155,350 1121,352 1115,352 1113,348 1091,348 1088,352 1082,352 1077,348 1055,348 1052,352 981,350 979,347 954,347 952,350 895,347 835,353 828,349 815,349 808,354 735,356 735,396 829,395 842,399 903,401 946,400 953,396 971,400 977,395 986,395 992,398 1045,400 1052,404 1060,404 1077,397 1095,397 1102,404 1116,400 1146,400 1153,397 1216,403 1346,403 1359,398 1369,399 1386,404 1434,405 1440,408 1542,402 1542,360 1501,356 1479,348 1345,347 1330,353 1308,353 1296,347 1208,347 1203,351"/>
        <Baseline points="735,384 1542,392"/>
        <Word id="region0013_line0001_word0000" custom="readingOrder {index:0;}">
          <Coords points="864,365 792,365 792,395 829,395 842,399 864,399"/>
          <TextEquiv conf="0.92130774">
            <Unicode>168.</Unicode>
          </TextEquiv>
        </Word>
        <Word id="region0013_line0001_word0001" custom="readingOrder {index:1;}">
          <Coords points="980,360 889,360 889,400 903,401 946,400 953,396 971,400 977,395 980,395"/>
          <TextEquiv conf="0.930362">
            <Unicode>Auch</Unicode>
          </TextEquiv>
        </Word>
        <Word id="region0013_line0001_word0002" custom="readingOrder {index:2;}">
          <Coords points="1147,363 997,362 997,398 1045,400 1052,404 1060,404 1077,397 1095,397 1102,404 1116,400 1146,400 1147,399"/>
          <TextEquiv conf="0.9301008">
            <Unicode>verſtehet</Unicode>
          </TextEquiv>
        </Word>
        <Word id="region0013_line0001_word0003" custom="readingOrder {index:3;}">
          <Coords points="1214,402 1214,365 1162,365 1162,397 1205,402"/>
          <TextEquiv conf="0.9288674">
            <Unicode>der</Unicode>
          </TextEquiv>
        </Word>
        <Word id="region0013_line0001_word0004" custom="readingOrder {index:4;}">
          <Coords points="1336,362 1232,362 1232,403 1336,403"/>
          <TextEquiv conf="0.9291011">
            <Unicode>Narr</Unicode>
          </TextEquiv>
        </Word>
        <Word id="region0013_line0001_word0005" custom="readingOrder {index:5;}">
          <Coords points="1425,361 1352,360 1352,400 1359,398 1369,399 1386,404 1425,404"/>
          <TextEquiv conf="0.92881876">
            <Unicode>St.</Unicode>
          </TextEquiv>
        </Word>
        <Word id="region0013_line0001_word0006" custom="readingOrder {index:6;}">
          <Coords points="1535,362 1434,362 1434,405 1440,408 1535,402"/>
          <TextEquiv>
            <Unicode>Pau⸗</Unicode>
          </TextEquiv>
        </Word>
        <TextEquiv>
          <Unicode>168. Auch verſtehet der Narr St. Pau⸗</Unicode>
        </TextEquiv>
      </TextLine>
      <TextLine id="region0013_line0002" custom="readingOrder {index:1;}">
        <Coords points="749,396 735,397 735,449 751,447 778,452 817,453 832,448 905,450 912,446 934,446 938,449 973,450 982,453 995,446 1036,445 1088,455 1287,452 1304,448 1339,446 1346,446 1355,451 1382,450 1390,453 1420,454 1427,458 1475,450 1542,453 1542,408 1440,409 1434,406 1388,406 1369,400 1359,399 1345,405 1224,405 1153,398 1146,401 1116,401 1102,405 1095,398 1077,398 1060,405 1052,405 1040,401 992,399 986,396 977,396 971,401 953,397 946,401 934,402 868,402 835,399 829,396"/>
        <Baseline points="735,439 1542,442"/>
        <Word id="region0013_line0002_word0000" custom="readingOrder {index:0;}">
          <Coords points="766,410 743,410 743,448 751,447 766,449"/>
          <TextEquiv conf="0.9205151">
            <Unicode>li</Unicode>
          </TextEquiv>
        </Word>
        <Word id="region0013_line0002_word0001" custom="readingOrder {index:1;}">
          <Coords points="911,410 782,410 782,452 820,452 832,448 905,450 911,446"/>
          <TextEquiv conf="0.9302169">
            <Unicode>Worte</Unicode>
          </TextEquiv>
        </Word>
        <Word id="region0013_line0002_word0002" custom="readingOrder {index:2;}">
          <Coords points="1011,408 928,408 928,446 934,446 938,449 973,450 982,453 995,446 1011,445"/>
          <TextEquiv conf="0.92929643">
            <Unicode>nicht</Unicode>
          </TextEquiv>
        </Word>
        <Word id="region0013_line0002_word0003" custom="readingOrder {index:3;}">
          <Coords points="1132,410 1032,410 1032,445 1036,445 1088,455 1132,454"/>
          <TextEquiv conf="0.92099935">
            <Unicode>recht,</Unicode>
          </TextEquiv>
        </Word>
        <Word id="region0013_line0002_word0004" custom="readingOrder {index:4;}">
          <Coords points="1153,410 1195,410 1195,450 1153,450"/>
          <TextEquiv conf="0.92618644">
            <Unicode>da</Unicode>
          </TextEquiv>
        </Word>
        <Word id="region0013_line0002_word0005" custom="readingOrder {index:5;}">
          <Coords points="1212,421 1243,421 1243,450 1212,450"/>
          <TextEquiv conf="0.92618644">
            <Unicode>er</Unicode>
          </TextEquiv>
        </Word>
        <Word id="region0013_line0002_word0006" custom="readingOrder {index:6;}">
          <Coords points="1335,418 1259,418 1259,449 1299,449 1304,448 1335,446"/>
          <TextEquiv conf="0.9312673">
            <Unicode>vom</Unicode>
          </TextEquiv>
        </Word>
        <Word id="region0013_line0002_word0007" custom="readingOrder {index:7;}">
          <Coords points="1353,408 1353,449 1355,451 1382,450 1390,453 1420,454 1424,456 1436,456 1475,450 1538,452 1538,409 1474,408 1440,409 1438,408"/>
          <TextEquiv conf="0.8160984">
            <Unicode>Zungenre⸗</Unicode>
          </TextEquiv>
        </Word>
        <TextEquiv conf="0.9125958">
          <Unicode>li Worte nicht recht, da er vom Zungenre⸗</Unicode>
        </TextEquiv>
      </TextLine>
      <TextLine id="region0013_line0003" custom="readingOrder {index:2;}">
        <Coords points="1018,446 995,447 982,454 973,451 939,451 934,447 912,447 904,452 872,451 867,448 832,449 817,454 778,453 751,448 735,450 735,496 824,499 827,502 845,497 863,504 876,499 900,500 907,496 939,495 951,499 999,494 1007,495 1014,500 1124,500 1129,503 1158,496 1179,496 1209,500 1227,498 1236,502 1253,500 1259,504 1279,501 1318,504 1473,505 1481,502 1502,505 1513,502 1530,506 1542,505 1542,454 1475,451 1427,459 1419,456 1398,456 1382,451 1355,452 1346,447 1339,447 1296,450 1273,456 1088,456 1062,453 1052,448"/>
        <Baseline points="735,487 1542,495"/>
        <Word id="region0013_line0003_word0000" custom="readingOrder {index:0;}">
          <Coords points="806,462 747,462 747,496 806,498"/>
          <TextEquiv conf="0.92905474">
            <Unicode>den</Unicode>
          </TextEquiv>
        </Word>
        <Word id="region0013_line0003_word0001" custom="readingOrder {index:1;}">
          <Coords points="955,460 829,460 829,501 845,497 863,504 876,499 900,500 907,496 939,495 951,499 955,498"/>
          <TextEquiv conf="0.923381">
            <Unicode>ſchreibt</Unicode>
          </TextEquiv>
        </Word>
        <Word id="region0013_line0003_word0002" custom="readingOrder {index:2;}">
          <Coords points="990,473 979,473 979,495 989,495 990,495"/>
          <TextEquiv conf="0.8380639">
            <Unicode>1</Unicode>
          </TextEquiv>
        </Word>
        <Word id="region0013_line0003_word0003" custom="readingOrder {index:3;}">
          <Coords points="1089,460 1007,459 1007,495 1014,500 1089,500"/>
          <TextEquiv conf="0.40816483">
            <Unicode>Cor.</Unicode>
          </TextEquiv>
        </Word>
        <Word id="region0013_line0003_word0004" custom="readingOrder {index:4;}">
          <Coords points="1158,469 1107,469 1107,500 1124,500 1129,503 1158,496"/>
          <TextEquiv conf="0.18124169">
            <Unicode>14,</Unicode>
          </TextEquiv>
        </Word>
        <Word id="region0013_line0003_word0005" custom="readingOrder {index:5;}">
          <Coords points="1184,469 1199,469 1199,494 1184,494"/>
          <TextEquiv conf="0.77642494">
            <Unicode>2</Unicode>
          </TextEquiv>
        </Word>
        <Word id="region0013_line0003_word0006" custom="readingOrder {index:6;}">
          <Coords points="1208,471 1223,471 1229,494 1205,492"/>
          <TextEquiv>
            <Unicode>⸗</Unicode>
          </TextEquiv>
        </Word>
        <Word id="region0013_line0003_word0007" custom="readingOrder {index:7;}">
          <Coords points="1288,469 1232,469 1232,500 1236,502 1253,500 1256,502 1272,502 1279,501 1288,501"/>
          <TextEquiv conf="0.12652199">
            <Unicode>29.</Unicode>
          </TextEquiv>
        </Word>
        <Word id="region0013_line0003_word0008" custom="readingOrder {index:8;}">
          <Coords points="1331,459 1441,460 1441,502 1331,501"/>
          <TextEquiv conf="0.9262433">
            <Unicode>Denn</Unicode>
          </TextEquiv>
        </Word>
        <Word id="region0013_line0003_word0009" custom="readingOrder {index:9;}">
          <Coords points="1536,503 1536,462 1466,462 1466,503 1478,503 1481,502 1488,503 1509,503 1513,502 1517,503"/>
          <TextEquiv conf="0.92764544">
            <Unicode>St.</Unicode>
          </TextEquiv>
        </Word>
        <TextEquiv>
          <Unicode>den ſchreibt 1 Cor. 14, 2 ⸗ 29. Denn St.</Unicode>
        </TextEquiv>
      </TextLine>
      <TextLine id="region0013_line0004" custom="readingOrder {index:3;}">
        <Coords points="999,495 984,496 978,502 949,501 943,497 933,496 907,497 900,501 876,500 864,505 851,503 845,498 827,503 785,498 735,497 734,547 746,549 753,543 759,543 763,550 769,547 783,547 789,550 852,550 856,547 869,547 874,550 908,554 919,550 938,552 948,547 1003,549 1012,544 1032,547 1036,550 1082,546 1137,551 1145,551 1151,545 1158,545 1163,555 1187,552 1200,547 1213,549 1220,545 1230,545 1251,556 1268,556 1275,552 1337,552 1361,549 1421,550 1428,554 1541,555 1542,507 1524,504 1318,505 1279,502 1259,505 1253,501 1236,503 1227,499 1209,501 1158,497 1129,504 1014,501 1007,496"/>
        <Baseline points="734,536 1541,544"/>
        <Word id="region0013_line0004_word0000" custom="readingOrder {index:0;}">
          <Coords points="887,509 746,509 745,549 746,549 753,543 759,543 763,550 769,547 783,547 789,550 852,550 856,547 869,547 874,550 886,551"/>
          <TextEquiv conf="0.90628016">
            <Unicode>Paulus</Unicode>
          </TextEquiv>
        </Word>
        <Word id="region0013_line0004_word0001" custom="readingOrder {index:1;}">
          <Coords points="1046,506 903,505 902,553 910,553 919,550 938,552 948,547 1003,549 1012,544 1032,547 1036,550 1045,549"/>
          <TextEquiv conf="0.9073543">
            <Unicode>ſchreibet</Unicode>
          </TextEquiv>
        </Word>
        <Word id="region0013_line0004_word0002" custom="readingOrder {index:2;}">
          <Coords points="1061,514 1135,514 1134,546 1060,546"/>
          <TextEquiv conf="0.9073543">
            <Unicode>vom</Unicode>
          </TextEquiv>
        </Word>
        <Word id="region0013_line0004_word0003" custom="readingOrder {index:3;}">
          <Coords points="1359,508 1145,508 1144,551 1145,551 1151,545 1158,545 1162,554 1171,554 1187,552 1200,547 1213,549 1220,545 1230,545 1247,554 1272,554 1275,552 1337,552 1358,549"/>
          <TextEquiv conf="0.92473394">
            <Unicode>Predigtamt</Unicode>
          </TextEquiv>
        </Word>
        <Word id="region0013_line0004_word0004" custom="readingOrder {index:4;}">
          <Coords points="1373,515 1465,515 1464,549 1372,549"/>
          <TextEquiv conf="0.9310052">
            <Unicode>unter</Unicode>
          </TextEquiv>
        </Word>
        <Word id="region0013_line0004_word0005" custom="readingOrder {index:5;}">
          <Coords points="1480,511 1533,511 1532,550 1479,550"/>
          <TextEquiv conf="0.9303887">
            <Unicode>der</Unicode>
          </TextEquiv>
        </Word>
        <TextEquiv conf="0.91785276">
          <Unicode>Paulus ſchreibet vom Predigtamt unter der</Unicode>
        </TextEquiv>
      </TextLine>
      <TextLine id="region0013_line0005" custom="readingOrder {index:4;}">
        <Coords points="753,544 746,550 734,548 734,603 776,602 793,598 820,600 829,596 866,600 880,596 893,599 909,597 921,602 929,599 989,594 1013,598 1018,595 1059,599 1071,604 1090,598 1126,600 1138,604 1148,597 1163,599 1171,596 1192,596 1200,601 1212,597 1225,600 1285,600 1303,597 1313,601 1343,598 1348,601 1409,604 1506,602 1523,608 1541,607 1541,558 1450,557 1428,555 1421,551 1361,550 1251,557 1240,556 1239,552 1230,546 1220,546 1213,550 1200,548 1187,553 1163,556 1158,546 1151,546 1145,552 1082,547 1037,552 1032,548 1012,545 1003,550 948,548 938,553 919,551 906,555 875,553 869,548 856,548 851,553 792,553 783,548 769,548 763,551 759,544"/>
        <Baseline points="734,591 1022,586 1541,596"/>
        <Word id="region0013_line0005_word0000" custom="readingOrder {index:0;}">
          <Coords points="746,552 746,602 776,602 793,598 820,600 829,596 866,600 880,596 893,599 909,597 921,602 923,601 923,552 915,552 906,555 875,553 873,552 852,552 851,553 792,553 790,552"/>
          <TextEquiv conf="0.85518754">
            <Unicode>Gemeine,</Unicode>
          </TextEquiv>
        </Word>
        <Word id="region0013_line0005_word0001" custom="readingOrder {index:1;}">
          <Coords points="991,558 949,558 949,596 965,596 989,594 991,594"/>
          <TextEquiv conf="0.9317918">
            <Unicode>da</Unicode>
          </TextEquiv>
        </Word>
        <Word id="region0013_line0005_word0002" custom="readingOrder {index:2;}">
          <Coords points="1045,558 1007,557 1007,597 1013,598 1018,595 1045,597"/>
          <TextEquiv conf="0.9307673">
            <Unicode>ſie</Unicode>
          </TextEquiv>
        </Word>
        <Word id="region0013_line0005_word0003" custom="readingOrder {index:3;}">
          <Coords points="1119,558 1067,558 1067,602 1071,604 1090,598 1119,599"/>
          <TextEquiv conf="0.9315288">
            <Unicode>ſoll</Unicode>
          </TextEquiv>
        </Word>
        <Word id="region0013_line0005_word0004" custom="readingOrder {index:4;}">
          <Coords points="1135,554 1135,603 1138,604 1148,597 1163,599 1170,596 1170,555 1163,556 1162,554"/>
          <TextEquiv conf="0.92839766">
            <Unicode>zu</Unicode>
          </TextEquiv>
        </Word>
        <Word id="region0013_line0005_word0005" custom="readingOrder {index:5;}">
          <Coords points="1195,554 1195,597 1200,601 1212,597 1225,600 1285,600 1291,599 1291,554 1251,557 1240,556 1239,554"/>
          <TextEquiv conf="0.92833984">
            <Unicode>hoͤren</Unicode>
          </TextEquiv>
        </Word>
        <Word id="region0013_line0005_word0006" custom="readingOrder {index:6;}">
          <Coords points="1316,560 1381,561 1381,598 1316,597"/>
          <TextEquiv conf="0.9262716">
            <Unicode>und</Unicode>
          </TextEquiv>
        </Word>
        <Word id="region0013_line0005_word0007" custom="readingOrder {index:7;}">
          <Coords points="1533,604 1533,560 1409,560 1409,604 1506,602 1511,604"/>
          <TextEquiv conf="0.92739797">
            <Unicode>lernen,</Unicode>
          </TextEquiv>
        </Word>
        <TextEquiv conf="0.9199603">
          <Unicode>Gemeine, da ſie ſoll zu hoͤren und lernen,</Unicode>
        </TextEquiv>
      </TextLine>
      <TextLine id="region0013_line0006" custom="readingOrder {index:5;}">
        <Coords points="989,595 929,600 921,603 909,598 893,600 880,597 867,602 849,602 844,598 829,597 820,601 793,599 776,603 734,604 734,649 759,646 790,650 824,646 841,654 852,645 859,645 868,650 900,650 905,653 943,650 949,647 963,650 1027,653 1070,651 1081,647 1094,651 1101,647 1109,647 1116,651 1132,651 1143,656 1154,651 1190,651 1195,655 1206,655 1223,647 1273,651 1285,656 1300,652 1325,652 1332,648 1372,654 1394,653 1400,650 1412,653 1541,653 1541,608 1523,609 1506,603 1408,606 1332,599 1325,604 1312,605 1311,601 1303,598 1288,599 1282,604 1253,604 1218,598 1200,602 1192,597 1171,597 1163,600 1148,598 1138,605 1102,599 1090,599 1071,605 1047,598 1018,596 1013,599 1007,599 1003,596"/>
        <Baseline points="734,638 1541,642"/>
        <Word id="region0013_line0006_word0000" custom="readingOrder {index:0;}">
          <Coords points="811,612 745,612 745,647 759,646 782,649 798,649 811,647"/>
          <TextEquiv conf="0.9284737">
            <Unicode>und</Unicode>
          </TextEquiv>
        </Word>
        <Word id="region0013_line0006_word0001" custom="readingOrder {index:1;}">
          <Coords points="955,610 824,610 824,646 841,654 852,645 859,645 868,650 900,650 905,653 943,650 949,647 955,648"/>
          <TextEquiv conf="0.9248309">
            <Unicode>ſpricht:</Unicode>
          </TextEquiv>
        </Word>
        <Word id="region0013_line0006_word0002" custom="readingOrder {index:2;}">
          <Coords points="1077,611 981,610 981,650 1012,652 1036,652 1070,651 1077,648"/>
          <TextEquiv conf="0.9301406">
            <Unicode>Wer</Unicode>
          </TextEquiv>
        </Word>
        <Word id="region0013_line0006_word0003" custom="readingOrder {index:3;}">
          <Coords points="1224,609 1094,609 1094,651 1101,647 1109,647 1116,651 1132,651 1143,656 1154,651 1190,651 1195,655 1206,655 1223,647 1224,647"/>
          <TextEquiv conf="0.9254849">
            <Unicode>daſelbſt</Unicode>
          </TextEquiv>
        </Word>
        <Word id="region0013_line0006_word0004" custom="readingOrder {index:4;}">
          <Coords points="1380,610 1240,609 1240,648 1273,651 1285,656 1300,652 1325,652 1332,648 1372,654 1380,653"/>
          <TextEquiv conf="0.92204714">
            <Unicode>auftritt,</Unicode>
          </TextEquiv>
        </Word>
        <Word id="region0013_line0006_word0005" custom="readingOrder {index:5;}">
          <Coords points="1408,614 1475,614 1475,650 1408,650"/>
          <TextEquiv conf="0.9253392">
            <Unicode>und</Unicode>
          </TextEquiv>
        </Word>
        <Word id="region0013_line0006_word0006" custom="readingOrder {index:6;}">
          <Coords points="1492,613 1533,613 1533,651 1492,651"/>
          <TextEquiv>
            <Unicode>le⸗</Unicode>
          </TextEquiv>
        </Word>
        <TextEquiv>
          <Unicode>und ſpricht: Wer daſelbſt auftritt, und le⸗</Unicode>
        </TextEquiv>
      </TextLine>
      <TextLine id="region0013_line0007" custom="readingOrder {index:6;}">
        <Coords points="852,646 841,655 824,647 785,653 771,653 770,650 759,647 734,650 735,703 751,706 790,698 797,705 829,695 847,697 852,704 862,704 868,700 999,697 1013,697 1031,703 1105,696 1119,704 1160,697 1173,700 1221,697 1231,702 1255,706 1311,697 1320,701 1367,703 1371,700 1385,700 1389,703 1401,703 1407,700 1429,699 1517,709 1542,707 1541,655 1528,652 1492,655 1467,652 1412,654 1400,651 1392,655 1372,655 1332,649 1325,653 1303,653 1285,657 1273,652 1223,648 1206,656 1184,653 1151,654 1143,657 1131,653 1118,653 1109,648 1101,648 1094,652 1081,648 1070,652 1027,654 963,651 949,648 943,651 905,654 868,652 859,646"/>
        <Baseline points="735,691 1542,696"/>
        <Word id="region0013_line0007_word0000" custom="readingOrder {index:0;}">
          <Coords points="805,658 744,658 744,704 745,705 755,705 790,698 797,705 805,702"/>
          <TextEquiv conf="0.9312933">
            <Unicode>ſen,</Unicode>
          </TextEquiv>
        </Word>
        <Word id="region0013_line0007_word0001" custom="readingOrder {index:1;}">
          <Coords points="923,657 819,657 819,698 829,695 847,697 852,704 862,704 868,700 923,698"/>
          <TextEquiv conf="0.93071795">
            <Unicode>lehren</Unicode>
          </TextEquiv>
        </Word>
        <Word id="region0013_line0007_word0002" custom="readingOrder {index:2;}">
          <Coords points="932,660 1004,660 1004,697 932,697"/>
          <TextEquiv conf="0.93019">
            <Unicode>oder</Unicode>
          </TextEquiv>
        </Word>
        <Word id="region0013_line0007_word0003" custom="readingOrder {index:3;}">
          <Coords points="1169,658 1021,658 1021,699 1031,703 1105,696 1119,704 1160,697 1169,699"/>
          <TextEquiv conf="0.9258466">
            <Unicode>predigen</Unicode>
          </TextEquiv>
        </Word>
        <Word id="region0013_line0007_word0004" custom="readingOrder {index:4;}">
          <Coords points="1263,704 1263,657 1184,657 1184,699 1221,697 1231,702 1243,704"/>
          <TextEquiv conf="0.91829383">
            <Unicode>will,</Unicode>
          </TextEquiv>
        </Word>
        <Word id="region0013_line0007_word0005" custom="readingOrder {index:5;}">
          <Coords points="1286,658 1353,658 1353,697 1286,697"/>
          <TextEquiv conf="0.930545">
            <Unicode>und</Unicode>
          </TextEquiv>
        </Word>
        <Word id="region0013_line0007_word0006" custom="readingOrder {index:6;}">
          <Coords points="1367,661 1450,661 1450,699 1367,699"/>
          <TextEquiv conf="0.92991084">
            <Unicode>redet</Unicode>
          </TextEquiv>
        </Word>
        <Word id="region0013_line0007_word0007" custom="readingOrder {index:7;}">
          <Coords points="1534,706 1534,661 1459,661 1459,702 1490,706"/>
          <TextEquiv conf="0.93183345">
            <Unicode>doch</Unicode>
          </TextEquiv>
        </Word>
        <TextEquiv conf="0.92857885">
          <Unicode>ſen, lehren oder predigen will, und redet doch</Unicode>
        </TextEquiv>
      </TextLine>
      <TextLine id="region0013_line0008" custom="readingOrder {index:7;}">
        <Coords points="829,696 819,698 812,704 797,706 790,699 776,704 759,704 751,707 735,704 735,749 804,751 815,748 827,751 851,745 877,747 903,754 929,746 959,746 968,753 975,750 1064,750 1078,747 1091,754 1116,752 1127,755 1151,747 1196,750 1199,753 1212,749 1259,752 1266,748 1282,753 1354,753 1398,749 1413,755 1436,749 1452,756 1542,755 1542,708 1517,710 1429,700 1407,701 1397,707 1390,707 1385,701 1371,701 1363,705 1354,702 1320,702 1311,698 1255,707 1231,703 1221,698 1207,698 1201,701 1173,701 1160,698 1119,705 1105,697 1081,698 1074,703 1055,700 1027,704 1013,698 999,698 951,703 852,705 847,698"/>
        <Baseline points="735,739 1542,744"/>
        <Word id="region0013_line0008_word0000" custom="readingOrder {index:0;}">
          <Coords points="745,709 805,709 805,748 745,748"/>
          <TextEquiv conf="0.927561">
            <Unicode>mit</Unicode>
          </TextEquiv>
        </Word>
        <Word id="region0013_line0008_word0001" custom="readingOrder {index:1;}">
          <Coords points="974,706 820,706 820,749 827,751 851,745 877,747 903,754 929,746 959,746 968,753 974,750"/>
          <TextEquiv conf="0.9280358">
            <Unicode>Zungen,</Unicode>
          </TextEquiv>
        </Word>
        <Word id="region0013_line0008_word0002" custom="readingOrder {index:2;}">
          <Coords points="1004,709 1065,710 1065,749 1004,748"/>
          <TextEquiv conf="0.92802185">
            <Unicode>das</Unicode>
          </TextEquiv>
        </Word>
        <Word id="region0013_line0008_word0003" custom="readingOrder {index:3;}">
          <Coords points="1133,710 1081,710 1081,748 1091,754 1116,752 1127,755 1133,753"/>
          <TextEquiv conf="0.9239712">
            <Unicode>iſt,</Unicode>
          </TextEquiv>
        </Word>
        <Word id="region0013_line0008_word0004" custom="readingOrder {index:4;}">
          <Coords points="1223,710 1160,710 1160,747 1196,750 1199,753 1212,749 1223,749"/>
          <TextEquiv conf="0.9268254">
            <Unicode>daß</Unicode>
          </TextEquiv>
        </Word>
        <Word id="region0013_line0008_word0005" custom="readingOrder {index:5;}">
          <Coords points="1276,750 1276,720 1244,720 1244,750 1262,750 1266,748 1272,750"/>
          <TextEquiv conf="0.93256354">
            <Unicode>er</Unicode>
          </TextEquiv>
        </Word>
        <Word id="region0013_line0008_word0006" custom="readingOrder {index:6;}">
          <Coords points="1462,710 1297,709 1297,753 1354,753 1398,749 1413,755 1436,749 1452,756 1462,755"/>
          <TextEquiv conf="0.92197967">
            <Unicode>Lateiniſch</Unicode>
          </TextEquiv>
        </Word>
        <Word id="region0013_line0008_word0007" custom="readingOrder {index:7;}">
          <Coords points="1477,719 1535,719 1535,751 1477,751"/>
          <TextEquiv conf="0.93264985">
            <Unicode>vor</Unicode>
          </TextEquiv>
        </Word>
        <TextEquiv conf="0.92770106">
          <Unicode>mit Zungen, das iſt, daß er Lateiniſch vor</Unicode>
        </TextEquiv>
      </TextLine>
      <TextLine id="region0013_line0009" custom="readingOrder {index:8;}">
        <Coords points="851,746 827,752 815,749 804,752 735,750 735,798 772,796 816,802 862,802 868,797 888,797 892,800 928,801 935,796 948,794 957,800 974,795 980,799 1018,804 1027,800 1057,800 1064,797 1083,800 1128,800 1138,796 1145,796 1150,800 1168,797 1195,798 1205,802 1210,796 1214,796 1241,797 1251,802 1295,802 1310,799 1316,802 1465,804 1470,801 1497,801 1501,804 1542,804 1540,757 1452,757 1436,750 1418,756 1403,755 1398,750 1384,750 1375,755 1349,755 1283,755 1271,749 1258,754 1230,753 1225,750 1199,754 1173,753 1166,748 1151,748 1127,756 1116,753 1091,755 1078,748 1026,753 975,751 968,754 959,747 929,747 911,754 899,755 877,748"/>
        <Baseline points="735,788 1541,793"/>
        <Word id="region0013_line0009_word0000" custom="readingOrder {index:0;}">
          <Coords points="806,798 806,761 745,761 745,797 772,796 786,798"/>
          <TextEquiv conf="0.9319323">
            <Unicode>den</Unicode>
          </TextEquiv>
        </Word>
        <Word id="region0013_line0009_word0001" custom="readingOrder {index:1;}">
          <Coords points="1027,759 820,758 820,802 862,802 868,797 888,797 892,800 928,801 935,796 948,794 957,800 974,795 980,799 1018,804 1027,800"/>
          <TextEquiv conf="0.9187006">
            <Unicode>Deutſchen,</Unicode>
          </TextEquiv>
        </Word>
        <Word id="region0013_line0009_word0002" custom="readingOrder {index:2;}">
          <Coords points="1124,798 1124,760 1052,760 1052,798 1061,798 1064,797 1070,798"/>
          <TextEquiv conf="0.91881543">
            <Unicode>oder</Unicode>
          </TextEquiv>
        </Word>
        <Word id="region0013_line0009_word0003" custom="readingOrder {index:3;}">
          <Coords points="1226,759 1146,759 1146,796 1150,800 1168,797 1195,798 1205,802 1210,796 1214,796 1226,796"/>
          <TextEquiv conf="0.9302845">
            <Unicode>ſonſt</Unicode>
          </TextEquiv>
        </Word>
        <Word id="region0013_line0009_word0004" custom="readingOrder {index:4;}">
          <Coords points="1314,800 1314,759 1247,759 1247,800 1305,800 1310,799 1312,800"/>
          <TextEquiv conf="0.9297798">
            <Unicode>eine</Unicode>
          </TextEquiv>
        </Word>
        <Word id="region0013_line0009_word0005" custom="readingOrder {index:5;}">
          <Coords points="1336,758 1535,759 1535,800 1336,799"/>
          <TextEquiv conf="0.9173576">
            <Unicode>unbekannte</Unicode>
          </TextEquiv>
        </Word>
        <TextEquiv conf="0.92447835">
          <Unicode>den Deutſchen, oder ſonſt eine unbekannte</Unicode>
        </TextEquiv>
      </TextLine>
      <TextLine id="region0013_line0010" custom="readingOrder {index:9;}">
        <Coords points="943,795 928,802 893,802 888,798 868,798 862,803 816,803 772,797 735,799 735,849 793,847 801,853 813,847 872,847 883,850 915,846 920,848 922,854 931,854 937,850 973,853 980,850 1046,851 1052,847 1061,847 1066,850 1129,851 1143,854 1149,849 1199,846 1204,850 1224,847 1235,851 1301,853 1311,857 1328,856 1341,849 1370,858 1381,855 1441,854 1448,851 1472,853 1482,850 1495,857 1498,851 1504,848 1514,848 1520,853 1542,853 1542,808 1502,807 1497,802 1398,807 1327,806 1317,805 1310,800 1301,800 1293,805 1275,805 1251,803 1241,798 1210,797 1205,803 1200,803 1195,799 1168,798 1150,801 1145,797 1138,797 1118,802 1064,798 1057,801 1027,801 1014,805 1007,801 981,802 974,796 957,801 952,796"/>
        <Baseline points="735,838 1542,842"/>
        <Word id="region0013_line0010_word0000" custom="readingOrder {index:0;}">
          <Coords points="908,808 746,808 746,848 793,847 801,853 813,847 872,847 883,850 908,846"/>
          <TextEquiv conf="0.9227548">
            <Unicode>Sprache</Unicode>
          </TextEquiv>
        </Word>
        <Word id="region0013_line0010_word0001" custom="readingOrder {index:1;}">
          <Coords points="1039,806 923,805 923,854 931,854 937,850 973,853 980,850 1039,850"/>
          <TextEquiv conf="0.92370296">
            <Unicode>fuͤhret,</Unicode>
          </TextEquiv>
        </Word>
        <Word id="region0013_line0010_word0002" custom="readingOrder {index:2;}">
          <Coords points="1065,810 1118,810 1118,849 1065,849"/>
          <TextEquiv conf="0.93184686">
            <Unicode>der</Unicode>
          </TextEquiv>
        </Word>
        <Word id="region0013_line0010_word0003" custom="readingOrder {index:3;}">
          <Coords points="1186,809 1136,809 1136,852 1143,854 1149,849 1186,846"/>
          <TextEquiv conf="0.92652917">
            <Unicode>ſoll</Unicode>
          </TextEquiv>
        </Word>
        <Word id="region0013_line0010_word0004" custom="readingOrder {index:4;}">
          <Coords points="1381,810 1202,809 1202,848 1204,850 1224,847 1235,851 1301,853 1307,855 1328,855 1341,849 1363,855 1377,855 1381,855"/>
          <TextEquiv conf="0.9253282">
            <Unicode>ſchweigen,</Unicode>
          </TextEquiv>
        </Word>
        <Word id="region0013_line0010_word0005" custom="readingOrder {index:5;}">
          <Coords points="1395,812 1461,812 1461,849 1395,849"/>
          <TextEquiv conf="0.9305256">
            <Unicode>und</Unicode>
          </TextEquiv>
        </Word>
        <Word id="region0013_line0010_word0006" custom="readingOrder {index:6;}">
          <Coords points="1535,810 1470,810 1470,852 1472,853 1482,850 1493,856 1495,856 1498,851 1504,848 1514,848 1520,853 1535,853"/>
          <TextEquiv conf="0.9159317">
            <Unicode>ihm</Unicode>
          </TextEquiv>
        </Word>
        <TextEquiv conf="0.92523134">
          <Unicode>Sprache fuͤhret, der ſoll ſchweigen, und ihm</Unicode>
        </TextEquiv>
      </TextLine>
      <TextLine id="region0013_line0011" custom="readingOrder {index:10;}">
        <Coords points="1191,847 1149,850 1143,855 1081,853 1052,848 1046,852 990,851 973,854 958,852 931,855 922,855 919,848 915,847 907,847 900,851 877,851 872,848 813,848 801,854 793,848 749,848 735,850 734,902 755,905 761,901 797,900 809,905 825,899 900,899 920,895 928,899 967,900 976,903 1009,895 1036,899 1049,895 1055,895 1061,904 1065,905 1076,904 1084,899 1226,899 1259,902 1307,901 1316,897 1334,900 1357,898 1377,904 1416,901 1437,905 1472,905 1482,909 1494,905 1507,905 1514,901 1527,904 1541,903 1542,862 1521,861 1520,854 1514,849 1501,850 1495,858 1482,851 1472,854 1448,852 1441,855 1370,859 1341,850 1328,857 1311,858 1304,855 1235,852 1224,848 1204,851 1199,847"/>
        <Baseline points="734,891 1541,892"/>
        <Word id="region0013_line0011_word0000" custom="readingOrder {index:0;}">
          <Coords points="831,859 745,859 744,903 755,905 761,901 797,900 809,905 825,899 830,899"/>
          <TextEquiv conf="0.92974854">
            <Unicode>ſelbſt</Unicode>
          </TextEquiv>
        </Word>
        <Word id="region0013_line0011_word0001" custom="readingOrder {index:1;}">
          <Coords points="954,898 955,859 845,859 844,898 905,898 920,895 926,898"/>
          <TextEquiv conf="0.92759687">
            <Unicode>alleine</Unicode>
          </TextEquiv>
        </Word>
        <Word id="region0013_line0011_word0002" custom="readingOrder {index:2;}">
          <Coords points="1133,859 972,858 971,901 976,903 1009,895 1036,899 1049,895 1055,895 1061,904 1065,905 1076,904 1084,899 1132,899"/>
          <TextEquiv conf="0.9255275">
            <Unicode>predigen.</Unicode>
          </TextEquiv>
        </Word>
        <Word id="region0013_line0011_word0003" custom="readingOrder {index:3;}">
          <Coords points="1294,900 1295,860 1185,860 1184,899 1226,899 1237,900"/>
          <TextEquiv conf="0.9077885">
            <Unicode>Denn</Unicode>
          </TextEquiv>
        </Word>
        <Word id="region0013_line0011_word0004" custom="readingOrder {index:4;}">
          <Coords points="1465,902 1466,861 1314,860 1313,898 1316,897 1334,900 1357,898 1368,901 1407,901 1416,901 1419,901"/>
          <TextEquiv conf="0.9077885">
            <Unicode>niemand</Unicode>
          </TextEquiv>
        </Word>
        <Word id="region0013_line0011_word0005" custom="readingOrder {index:5;}">
          <Coords points="1477,857 1476,906 1479,908 1485,908 1494,905 1507,905 1514,901 1527,904 1534,903 1534,861 1521,861 1520,857 1495,857 1495,858 1493,857"/>
          <TextEquiv>
            <Unicode>hoͤ⸗</Unicode>
          </TextEquiv>
        </Word>
        <TextEquiv>
          <Unicode>ſelbſt alleine predigen. Denn niemand hoͤ⸗</Unicode>
        </TextEquiv>
      </TextLine>
      <TextLine id="region0013_line0012" custom="readingOrder {index:11;}">
        <Coords points="1049,896 1034,901 1009,896 976,904 929,901 920,896 882,902 825,900 809,906 790,901 755,906 734,904 734,949 747,947 780,951 833,950 855,949 861,946 898,949 905,946 931,945 937,949 992,950 1006,954 1014,951 1041,948 1059,952 1063,949 1101,947 1107,954 1113,955 1124,946 1128,946 1143,951 1193,952 1207,952 1213,949 1226,952 1290,952 1303,949 1307,957 1319,956 1322,952 1337,948 1361,953 1541,954 1541,904 1527,905 1514,902 1507,906 1494,906 1482,910 1474,907 1425,908 1423,904 1416,902 1392,907 1365,904 1357,899 1334,901 1316,898 1307,902 1280,905 1226,900 1084,900 1076,905 1065,906 1061,905 1055,896"/>
        <Baseline points="734,939 1541,944"/>
        <Word id="region0013_line0012_word0000" custom="readingOrder {index:0;}">
          <Coords points="742,912 790,912 790,946 742,946"/>
          <TextEquiv conf="0.9256284">
            <Unicode>ret</Unicode>
          </TextEquiv>
        </Word>
        <Word id="region0013_line0012_word0001" custom="readingOrder {index:1;}">
          <Coords points="804,911 838,911 838,945 804,945"/>
          <TextEquiv conf="0.9292025">
            <Unicode>es</Unicode>
          </TextEquiv>
        </Word>
        <Word id="region0013_line0012_word0002" custom="readingOrder {index:2;}">
          <Coords points="927,905 852,905 852,947 859,947 861,946 873,947 902,947 905,946 927,945"/>
          <TextEquiv conf="0.93032336">
            <Unicode>noch</Unicode>
          </TextEquiv>
        </Word>
        <Word id="region0013_line0012_word0003" custom="readingOrder {index:3;}">
          <Coords points="945,904 945,949 992,950 1006,954 1014,951 1041,948 1059,952 1063,949 1101,947 1107,954 1113,955 1113,955 1122,948 1122,905 1076,905 1076,905 1065,906 1061,905 1061,905"/>
          <TextEquiv conf="0.92880386">
            <Unicode>verſtehets,</Unicode>
          </TextEquiv>
        </Word>
        <Word id="region0013_line0012_word0004" custom="readingOrder {index:4;}">
          <Coords points="1131,908 1197,908 1197,947 1131,947"/>
          <TextEquiv conf="0.93210715">
            <Unicode>und</Unicode>
          </TextEquiv>
        </Word>
        <Word id="region0013_line0012_word0005" custom="readingOrder {index:5;}">
          <Coords points="1206,908 1289,908 1289,947 1206,947"/>
          <TextEquiv conf="0.92548424">
            <Unicode>kann</Unicode>
          </TextEquiv>
        </Word>
        <Word id="region0013_line0012_word0006" custom="readingOrder {index:6;}">
          <Coords points="1365,907 1308,906 1308,955 1319,955 1322,952 1337,948 1361,953 1365,953"/>
          <TextEquiv conf="0.9253499">
            <Unicode>ſich</Unicode>
          </TextEquiv>
        </Word>
        <Word id="region0013_line0012_word0007" custom="readingOrder {index:7;}">
          <Coords points="1383,908 1383,948 1532,948 1532,908 1488,908 1482,910 1476,908 1425,908"/>
          <TextEquiv conf="0.93073577">
            <Unicode>niemand</Unicode>
          </TextEquiv>
        </Word>
        <TextEquiv conf="0.9284544">
          <Unicode>ret es noch verſtehets, und kann ſich niemand</Unicode>
        </TextEquiv>
      </TextLine>
      <TextLine id="region0013_line0013" custom="readingOrder {index:12;}">
        <Coords points="922,946 905,947 896,951 861,947 855,950 838,949 814,953 747,948 734,950 734,998 750,996 770,1000 804,1001 864,996 908,1003 923,996 933,999 1054,997 1060,1000 1108,1001 1115,1005 1124,1005 1130,998 1141,997 1148,1001 1197,1002 1205,1007 1214,1006 1219,1002 1259,1002 1277,999 1331,1008 1354,1006 1360,1002 1396,1004 1406,1009 1418,1009 1441,1000 1474,1000 1485,1004 1541,1001 1541,959 1364,956 1346,949 1332,950 1323,956 1311,958 1307,958 1303,950 1296,950 1287,955 1228,955 1220,950 1205,954 1141,954 1140,951 1128,947 1124,947 1113,956 1107,955 1101,948 1059,953 1041,949 1000,955 994,952 938,952 934,947"/>
        <Baseline points="734,986 1541,991"/>
        <Word id="region0013_line0013_word0000" custom="readingOrder {index:0;}">
          <Coords points="848,960 743,960 743,996 750,996 765,999 828,999 848,997"/>
          <TextEquiv conf="0.9253063">
            <Unicode>draus</Unicode>
          </TextEquiv>
        </Word>
        <Word id="region0013_line0013_word0001" custom="readingOrder {index:1;}">
          <Coords points="997,957 862,957 862,996 864,996 908,1003 923,996 933,999 997,997"/>
          <TextEquiv conf="0.9266467">
            <Unicode>beſſern:</Unicode>
          </TextEquiv>
        </Word>
        <Word id="region0013_line0013_word0002" custom="readingOrder {index:2;}">
          <Coords points="1098,999 1098,960 1025,960 1025,997 1054,997 1058,999"/>
          <TextEquiv conf="0.92237335">
            <Unicode>oder</Unicode>
          </TextEquiv>
        </Word>
        <Word id="region0013_line0013_word0003" custom="readingOrder {index:3;}">
          <Coords points="1143,959 1114,959 1114,1004 1115,1005 1124,1005 1130,998 1141,997 1143,998"/>
          <TextEquiv conf="0.9329637">
            <Unicode>ſo</Unicode>
          </TextEquiv>
        </Word>
        <Word id="region0013_line0013_word0004" custom="readingOrder {index:4;}">
          <Coords points="1162,968 1195,968 1195,997 1162,997"/>
          <TextEquiv conf="0.9311652">
            <Unicode>er</Unicode>
          </TextEquiv>
        </Word>
        <Word id="region0013_line0013_word0005" custom="readingOrder {index:5;}">
          <Coords points="1240,960 1207,960 1207,1006 1214,1006 1219,1002 1240,1002"/>
          <TextEquiv conf="0.9322371">
            <Unicode>ja</Unicode>
          </TextEquiv>
        </Word>
        <Word id="region0013_line0013_word0006" custom="readingOrder {index:6;}">
          <Coords points="1256,959 1316,959 1316,998 1256,998"/>
          <TextEquiv conf="0.9318935">
            <Unicode>mit</Unicode>
          </TextEquiv>
        </Word>
        <Word id="region0013_line0013_word0007" custom="readingOrder {index:7;}">
          <Coords points="1465,958 1330,957 1330,1006 1352,1006 1354,1006 1360,1002 1396,1004 1401,1006 1423,1006 1441,1000 1465,1000"/>
          <TextEquiv conf="0.9307014">
            <Unicode>Zungen</Unicode>
          </TextEquiv>
        </Word>
        <Word id="region0013_line0013_word0008" custom="readingOrder {index:8;}">
          <Coords points="1484,969 1531,969 1531,998 1484,998"/>
          <TextEquiv>
            <Unicode>re⸗</Unicode>
          </TextEquiv>
        </Word>
        <TextEquiv>
          <Unicode>draus beſſern: oder ſo er ja mit Zungen re⸗</Unicode>
        </TextEquiv>
      </TextLine>
      <TextLine id="region0013_line0014" custom="readingOrder {index:13;}">
        <Coords points="743,997 734,999 735,1050 760,1050 768,1047 826,1049 832,1046 886,1050 901,1046 918,1053 926,1050 964,1050 989,1046 1000,1046 1005,1049 1104,1050 1110,1047 1140,1050 1170,1046 1179,1050 1195,1048 1206,1051 1220,1048 1227,1052 1268,1047 1277,1050 1285,1048 1301,1053 1354,1054 1361,1050 1370,1051 1377,1055 1431,1055 1435,1059 1446,1059 1452,1055 1474,1058 1485,1052 1499,1052 1523,1060 1542,1057 1541,1008 1489,1007 1481,1006 1474,1001 1441,1001 1418,1010 1369,1004 1331,1009 1277,1000 1205,1008 1192,1004 1148,1004 1141,998 1130,999 1124,1006 1099,1002 1060,1001 1054,998 1005,1001 965,998 933,1000 923,997 908,1004 864,997 824,1003"/>
        <Baseline points="735,1039 1542,1046"/>
        <Word id="region0013_line0014_word0000" custom="readingOrder {index:0;}">
          <Coords points="805,1048 805,1010 744,1010 744,1048 765,1048 768,1047 797,1048"/>
          <TextEquiv conf="0.9252517">
            <Unicode>den</Unicode>
          </TextEquiv>
        </Word>
        <Word id="region0013_line0014_word0001" custom="readingOrder {index:1;}">
          <Coords points="897,1008 819,1008 819,1048 826,1049 832,1046 886,1050 897,1047"/>
          <TextEquiv conf="0.92311555">
            <Unicode>will,</Unicode>
          </TextEquiv>
        </Word>
        <Word id="region0013_line0014_word0002" custom="readingOrder {index:2;}">
          <Coords points="964,1008 912,1008 912,1050 918,1053 926,1050 964,1050"/>
          <TextEquiv conf="0.9252382">
            <Unicode>ſoll</Unicode>
          </TextEquiv>
        </Word>
        <Word id="region0013_line0014_word0003" custom="readingOrder {index:3;}">
          <Coords points="1032,1048 1032,1014 979,1013 979,1047 982,1047 989,1046 1000,1046 1002,1047"/>
          <TextEquiv conf="0.93184435">
            <Unicode>ers</Unicode>
          </TextEquiv>
        </Word>
        <Word id="region0013_line0014_word0004" custom="readingOrder {index:4;}">
          <Coords points="1190,1008 1047,1008 1047,1049 1106,1049 1110,1047 1130,1049 1147,1049 1170,1046 1176,1049 1187,1049 1190,1048"/>
          <TextEquiv conf="0.91075206">
            <Unicode>daneben</Unicode>
          </TextEquiv>
        </Word>
        <Word id="region0013_line0014_word0005" custom="readingOrder {index:5;}">
          <Coords points="1287,1010 1208,1010 1208,1050 1210,1050 1220,1048 1223,1050 1243,1050 1268,1047 1277,1050 1285,1048 1287,1048"/>
          <TextEquiv conf="0.92472094">
            <Unicode>auch</Unicode>
          </TextEquiv>
        </Word>
        <Word id="region0013_line0014_word0006" custom="readingOrder {index:6;}">
          <Coords points="1304,1007 1304,1053 1354,1054 1361,1050 1370,1051 1377,1055 1431,1055 1432,1056 1451,1056 1452,1055 1457,1056 1478,1056 1485,1052 1499,1052 1511,1056 1532,1056 1532,1008 1424,1008 1418,1010 1397,1007 1345,1007 1331,1009 1319,1007"/>
          <TextEquiv conf="0.9291359">
            <Unicode>verdeutſchen,</Unicode>
          </TextEquiv>
        </Word>
        <TextEquiv conf="0.9242941">
          <Unicode>den will, ſoll ers daneben auch verdeutſchen,</Unicode>
        </TextEquiv>
      </TextLine>
      <TextLine id="region0013_line0015" custom="readingOrder {index:14;}">
        <Coords points="1160,1047 1140,1051 1110,1048 1104,1051 1064,1053 1017,1053 1006,1051 1000,1047 967,1052 926,1051 918,1054 901,1047 886,1051 855,1052 846,1047 832,1047 823,1052 780,1051 774,1048 735,1052 735,1099 753,1095 770,1100 804,1100 818,1096 835,1099 842,1094 879,1094 883,1098 888,1098 893,1094 903,1094 923,1097 943,1095 955,1099 1017,1096 1021,1100 1033,1101 1048,1097 1071,1097 1078,1100 1091,1096 1152,1101 1186,1098 1220,1103 1252,1100 1258,1104 1348,1104 1354,1100 1376,1104 1420,1100 1443,1105 1470,1105 1480,1110 1492,1105 1542,1103 1542,1061 1523,1061 1499,1053 1480,1054 1474,1059 1461,1057 1435,1060 1431,1056 1378,1058 1370,1052 1361,1051 1349,1057 1296,1055 1289,1050 1277,1051 1273,1048 1231,1054 1220,1049 1206,1052"/>
        <Baseline points="735,1088 1542,1093"/>
        <Word id="region0013_line0015_word0000" custom="readingOrder {index:0;}">
          <Coords points="820,1060 746,1060 746,1096 753,1095 759,1097 814,1097 818,1096 820,1096"/>
          <TextEquiv conf="0.93098533">
            <Unicode>oder</Unicode>
          </TextEquiv>
        </Word>
        <Word id="region0013_line0015_word0001" custom="readingOrder {index:1;}">
          <Coords points="907,1057 829,1057 829,1097 835,1099 842,1094 879,1094 883,1098 888,1098 893,1094 903,1094 907,1094"/>
          <TextEquiv conf="0.8631041">
            <Unicode>ſonſt</Unicode>
          </TextEquiv>
        </Word>
        <Word id="region0013_line0015_word0002" custom="readingOrder {index:2;}">
          <Coords points="1086,1058 921,1057 921,1096 923,1097 943,1095 955,1099 1017,1096 1021,1100 1033,1101 1048,1097 1071,1097 1078,1100 1086,1097"/>
          <TextEquiv conf="0.9167022">
            <Unicode>auslegen,</Unicode>
          </TextEquiv>
        </Word>
        <Word id="region0013_line0015_word0003" custom="readingOrder {index:3;}">
          <Coords points="1173,1058 1111,1058 1111,1097 1152,1101 1173,1099"/>
          <TextEquiv conf="0.93042916">
            <Unicode>daß</Unicode>
          </TextEquiv>
        </Word>
        <Word id="region0013_line0015_word0004" custom="readingOrder {index:4;}">
          <Coords points="1236,1099 1236,1059 1189,1059 1189,1098 1192,1099"/>
          <TextEquiv conf="0.9291123">
            <Unicode>die</Unicode>
          </TextEquiv>
        </Word>
        <Word id="region0013_line0015_word0005" custom="readingOrder {index:5;}">
          <Coords points="1250,1057 1250,1100 1252,1100 1252,1100 1252,1100 1353,1101 1354,1100 1358,1101 1408,1101 1408,1058 1382,1058 1378,1058 1378,1058"/>
          <TextEquiv conf="0.91428965">
            <Unicode>Gemeine</Unicode>
          </TextEquiv>
        </Word>
        <Word id="region0013_line0015_word0006" custom="readingOrder {index:6;}">
          <Coords points="1422,1060 1422,1100 1443,1105 1470,1105 1492,1105 1532,1103 1532,1061 1523,1061 1520,1060 1435,1060"/>
          <TextEquiv>
            <Unicode>verſte⸗</Unicode>
          </TextEquiv>
        </Word>
        <TextEquiv>
          <Unicode>oder ſonſt auslegen, daß die Gemeine verſte⸗</Unicode>
        </TextEquiv>
      </TextLine>
      <TextLine id="region0013_line0016" custom="readingOrder {index:15;}">
        <Coords points="842,1095 835,1100 818,1097 798,1103 768,1101 759,1096 735,1100 735,1150 756,1154 775,1148 863,1151 869,1147 883,1150 905,1147 910,1151 920,1149 932,1153 949,1145 966,1148 987,1145 1005,1147 1018,1143 1029,1151 1056,1154 1063,1149 1071,1149 1078,1154 1157,1153 1162,1150 1181,1153 1273,1152 1283,1149 1331,1149 1337,1152 1355,1149 1371,1154 1377,1151 1392,1152 1401,1147 1412,1158 1417,1159 1434,1151 1467,1151 1478,1145 1486,1151 1502,1155 1542,1155 1542,1108 1480,1111 1473,1108 1439,1108 1435,1104 1420,1101 1376,1105 1354,1101 1347,1106 1295,1103 1259,1106 1252,1101 1229,1105 1186,1099 1152,1102 1087,1097 1078,1101 1071,1098 1048,1098 1028,1102 1017,1097 955,1100 943,1096 923,1098 893,1095 883,1099 879,1095"/>
        <Baseline points="735,1139 1542,1144"/>
        <Word id="region0013_line0016_word0000" custom="readingOrder {index:0;}">
          <Coords points="792,1109 745,1109 745,1151 756,1154 775,1148 792,1148"/>
          <TextEquiv conf="0.9302324">
            <Unicode>he.</Unicode>
          </TextEquiv>
        </Word>
        <Word id="region0013_line0016_word0001" custom="readingOrder {index:1;}">
          <Coords points="945,1111 853,1111 853,1150 863,1151 869,1147 883,1150 905,1147 910,1151 920,1149 932,1153 945,1146"/>
          <TextEquiv conf="0.9101401">
            <Unicode>Daß</Unicode>
          </TextEquiv>
        </Word>
        <Word id="region0013_line0016_word0002" custom="readingOrder {index:2;}">
          <Coords points="1035,1112 973,1111 973,1147 987,1145 1005,1147 1018,1143 1029,1151 1035,1151"/>
          <TextEquiv conf="0.779614">
            <Unicode>alſo</Unicode>
          </TextEquiv>
        </Word>
        <Word id="region0013_line0016_word0003" custom="readingOrder {index:3;}">
          <Coords points="1130,1112 1060,1112 1060,1151 1063,1149 1071,1149 1078,1154 1130,1153"/>
          <TextEquiv conf="0.92698866">
            <Unicode>St.</Unicode>
          </TextEquiv>
        </Word>
        <Word id="region0013_line0016_word0004" custom="readingOrder {index:4;}">
          <Coords points="1294,1112 1153,1112 1153,1153 1157,1153 1162,1150 1181,1153 1273,1152 1283,1149 1294,1149"/>
          <TextEquiv conf="0.9161548">
            <Unicode>Paulus</Unicode>
          </TextEquiv>
        </Word>
        <Word id="region0013_line0016_word0005" custom="readingOrder {index:5;}">
          <Coords points="1377,1112 1318,1111 1318,1149 1331,1149 1333,1150 1346,1150 1355,1149 1360,1150 1377,1151"/>
          <TextEquiv conf="0.9260807">
            <Unicode>mit</Unicode>
          </TextEquiv>
        </Word>
        <Word id="region0013_line0016_word0006" custom="readingOrder {index:6;}">
          <Coords points="1398,1111 1398,1148 1401,1147 1411,1157 1421,1157 1434,1151 1467,1151 1478,1145 1486,1151 1502,1155 1533,1155 1533,1111 1480,1111"/>
          <TextEquiv conf="0.9297327">
            <Unicode>Zungen</Unicode>
          </TextEquiv>
        </Word>
        <TextEquiv conf="0.9027062">
          <Unicode>he. Daß alſo St. Paulus mit Zungen</Unicode>
        </TextEquiv>
      </TextLine>
      <TextLine id="region0013_line0017" custom="readingOrder {index:16;}">
        <Coords points="1016,1144 1005,1148 987,1146 977,1150 949,1146 932,1154 920,1150 910,1152 905,1148 885,1151 869,1148 863,1152 852,1153 788,1149 764,1151 756,1155 735,1153 735,1198 747,1196 766,1199 839,1199 844,1196 872,1195 903,1202 915,1197 933,1196 946,1203 956,1199 973,1199 979,1204 984,1204 993,1199 1024,1200 1031,1196 1050,1197 1054,1201 1071,1204 1083,1201 1176,1201 1186,1198 1214,1202 1222,1199 1241,1201 1257,1198 1275,1203 1314,1198 1330,1203 1367,1204 1378,1209 1386,1201 1394,1201 1400,1205 1417,1202 1430,1207 1542,1205 1542,1159 1499,1159 1497,1154 1486,1152 1478,1146 1467,1152 1434,1152 1423,1159 1414,1160 1401,1148 1392,1153 1377,1152 1369,1156 1363,1155 1355,1150 1341,1153 1331,1150 1283,1150 1247,1155 1195,1155 1165,1151 1157,1154 1078,1155 1071,1150 1063,1150 1056,1155 1030,1154 1023,1146"/>
        <Baseline points="735,1188 1542,1194"/>
        <Word id="region0013_line0017_word0000" custom="readingOrder {index:0;}">
          <Coords points="743,1159 835,1159 835,1196 743,1196"/>
          <TextEquiv conf="0.92089605">
            <Unicode>reden</Unicode>
          </TextEquiv>
        </Word>
        <Word id="region0013_line0017_word0001" custom="readingOrder {index:1;}">
          <Coords points="925,1157 845,1157 845,1195 872,1195 903,1202 915,1197 925,1196"/>
          <TextEquiv conf="0.89987165">
            <Unicode>nicht</Unicode>
          </TextEquiv>
        </Word>
        <Word id="region0013_line0017_word0002" custom="readingOrder {index:2;}">
          <Coords points="970,1157 942,1157 942,1200 944,1202 948,1202 956,1199 970,1199"/>
          <TextEquiv conf="0.84201396">
            <Unicode>ſo</Unicode>
          </TextEquiv>
        </Word>
        <Word id="region0013_line0017_word0003" custom="readingOrder {index:3;}">
          <Coords points="979,1151 979,1204 984,1204 993,1199 1024,1200 1031,1196 1050,1197 1054,1201 1071,1204 1083,1201 1091,1201 1091,1154 1078,1155 1073,1151 1060,1151 1056,1155 1030,1154 1027,1151"/>
          <TextEquiv conf="0.79027003">
            <Unicode>ſtoͤrrig</Unicode>
          </TextEquiv>
        </Word>
        <Word id="region0013_line0017_word0004" custom="readingOrder {index:4;}">
          <Coords points="1247,1157 1107,1157 1107,1200 1179,1200 1186,1198 1200,1200 1219,1200 1222,1199 1232,1200 1246,1200 1247,1200"/>
          <TextEquiv conf="0.9276385">
            <Unicode>verbeut,</Unicode>
          </TextEquiv>
        </Word>
        <Word id="region0013_line0017_word0005" custom="readingOrder {index:5;}">
          <Coords points="1257,1158 1308,1158 1308,1197 1257,1197"/>
          <TextEquiv conf="0.92944026">
            <Unicode>als</Unicode>
          </TextEquiv>
        </Word>
        <Word id="region0013_line0017_word0006" custom="readingOrder {index:6;}">
          <Coords points="1324,1151 1324,1201 1330,1203 1367,1204 1368,1204 1382,1204 1386,1201 1394,1201 1399,1204 1400,1204 1417,1202 1417,1159 1414,1160 1405,1151 1394,1151 1392,1153 1377,1152 1369,1156 1363,1155 1357,1151 1349,1151 1341,1153 1334,1151"/>
          <TextEquiv conf="0.92498773">
            <Unicode>dieſer</Unicode>
          </TextEquiv>
        </Word>
        <Word id="region0013_line0017_word0007" custom="readingOrder {index:7;}">
          <Coords points="1470,1150 1467,1152 1434,1152 1427,1156 1427,1201 1533,1201 1533,1159 1499,1159 1497,1154 1486,1152 1483,1150"/>
          <TextEquiv conf="0.9196309">
            <Unicode>Suͤn⸗</Unicode>
          </TextEquiv>
        </Word>
        <TextEquiv conf="0.8943436">
          <Unicode>reden nicht ſo ſtoͤrrig verbeut, als dieſer Suͤn⸗</Unicode>
        </TextEquiv>
      </TextLine>
      <TextLine id="region0013_line0018" custom="readingOrder {index:17;}">
        <Coords points="865,1196 844,1197 838,1202 828,1203 747,1197 735,1199 734,1248 743,1245 760,1248 774,1246 811,1255 826,1251 861,1254 867,1250 915,1250 924,1254 936,1250 953,1250 989,1254 998,1250 1017,1251 1022,1248 1035,1252 1049,1246 1078,1249 1117,1245 1149,1250 1183,1249 1194,1255 1201,1252 1222,1252 1234,1258 1251,1257 1257,1253 1291,1253 1302,1257 1314,1250 1325,1250 1330,1253 1395,1254 1411,1251 1419,1258 1427,1255 1541,1257 1542,1208 1430,1208 1417,1203 1400,1206 1394,1202 1386,1202 1378,1210 1370,1207 1331,1206 1326,1201 1314,1199 1302,1200 1295,1204 1269,1204 1263,1200 1247,1199 1241,1202 1222,1200 1215,1205 1207,1205 1198,1199 1186,1199 1174,1203 1083,1202 1071,1205 1042,1197 1031,1197 1022,1202 992,1201 979,1205 973,1200 946,1204 933,1197 920,1197 895,1203"/>
        <Baseline points="734,1236 1541,1245"/>
        <Word id="region0013_line0018_word0000" custom="readingOrder {index:0;}">
          <Coords points="880,1209 743,1209 742,1245 743,1245 760,1248 774,1246 811,1255 826,1251 861,1254 867,1250 879,1250"/>
          <TextEquiv conf="0.92833793">
            <Unicode>dengeiſt</Unicode>
          </TextEquiv>
        </Word>
        <Word id="region0013_line0018_word0001" custom="readingOrder {index:1;}">
          <Coords points="996,1209 905,1209 904,1250 915,1250 924,1254 936,1250 953,1250 989,1254 995,1251"/>
          <TextEquiv conf="0.9293715">
            <Unicode>thut;</Unicode>
          </TextEquiv>
        </Word>
        <Word id="region0013_line0018_word0002" custom="readingOrder {index:2;}">
          <Coords points="1160,1209 1027,1209 1026,1249 1035,1252 1049,1246 1078,1249 1117,1245 1149,1250 1159,1249"/>
          <TextEquiv conf="0.9091225">
            <Unicode>ſondern</Unicode>
          </TextEquiv>
        </Word>
        <Word id="region0013_line0018_word0003" custom="readingOrder {index:3;}">
          <Coords points="1283,1211 1183,1211 1182,1249 1183,1249 1194,1255 1201,1252 1222,1252 1234,1258 1251,1257 1257,1253 1282,1253"/>
          <TextEquiv conf="0.92564446">
            <Unicode>heiſſet</Unicode>
          </TextEquiv>
        </Word>
        <Word id="region0013_line0018_word0004" custom="readingOrder {index:4;}">
          <Coords points="1338,1210 1299,1210 1298,1255 1302,1257 1314,1250 1325,1250 1330,1253 1337,1253"/>
          <TextEquiv conf="0.9325163">
            <Unicode>ſie</Unicode>
          </TextEquiv>
        </Word>
        <Word id="region0013_line0018_word0005" custom="readingOrder {index:5;}">
          <Coords points="1440,1255 1441,1211 1360,1210 1359,1253 1395,1254 1411,1251 1415,1254"/>
          <TextEquiv conf="0.93149495">
            <Unicode>nicht</Unicode>
          </TextEquiv>
        </Word>
        <Word id="region0013_line0018_word0006" custom="readingOrder {index:6;}">
          <Coords points="1464,1218 1533,1218 1532,1251 1463,1251"/>
          <TextEquiv conf="0.7232026">
            <Unicode>ver⸗</Unicode>
          </TextEquiv>
        </Word>
        <TextEquiv conf="0.8970986">
          <Unicode>dengeiſt thut; ſondern heiſſet ſie nicht ver⸗</Unicode>
        </TextEquiv>
      </TextLine>
      <TextLine id="region0013_line0019" custom="readingOrder {index:18;}">
        <Coords points="1103,1246 1066,1252 1058,1247 1049,1247 1035,1253 1022,1249 1017,1252 998,1251 989,1255 978,1252 934,1252 924,1255 915,1251 905,1251 867,1252 861,1255 823,1253 811,1256 798,1251 787,1253 774,1247 760,1249 743,1246 734,1249 734,1296 779,1295 784,1298 798,1295 810,1298 830,1295 838,1301 850,1300 855,1304 914,1300 1158,1301 1196,1304 1202,1309 1209,1310 1220,1310 1229,1304 1253,1304 1266,1306 1273,1311 1288,1311 1297,1306 1336,1304 1448,1306 1479,1308 1485,1314 1494,1314 1502,1308 1541,1308 1541,1259 1419,1259 1411,1252 1396,1254 1391,1258 1314,1251 1302,1258 1288,1254 1234,1259 1223,1255 1194,1256 1183,1250 1155,1252"/>
        <Baseline points="734,1287 1541,1298"/>
        <Word id="region0013_line0019_word0000" custom="readingOrder {index:0;}">
          <Coords points="741,1256 741,1295 779,1295 784,1298 798,1295 810,1298 830,1295 838,1301 850,1300 853,1303 868,1303 868,1256 811,1256"/>
          <TextEquiv conf="0.91452354">
            <Unicode>bieten,</Unicode>
          </TextEquiv>
        </Word>
        <Word id="region0013_line0019_word0001" custom="readingOrder {index:1;}">
          <Coords points="906,1264 1001,1264 1001,1297 906,1297"/>
          <TextEquiv conf="0.9266798">
            <Unicode>wenn</Unicode>
          </TextEquiv>
        </Word>
        <Word id="region0013_line0019_word0002" custom="readingOrder {index:2;}">
          <Coords points="1024,1258 1073,1258 1073,1298 1024,1298"/>
          <TextEquiv conf="0.93060255">
            <Unicode>die</Unicode>
          </TextEquiv>
        </Word>
        <Word id="region0013_line0019_word0003" custom="readingOrder {index:3;}">
          <Coords points="1099,1256 1099,1300 1158,1301 1196,1304 1229,1304 1253,1304 1294,1304 1294,1256 1266,1256 1234,1259 1225,1256 1194,1256"/>
          <TextEquiv conf="0.92811584">
            <Unicode>Auslegung</Unicode>
          </TextEquiv>
        </Word>
        <Word id="region0013_line0019_word0004" custom="readingOrder {index:4;}">
          <Coords points="1317,1256 1317,1297 1459,1298 1459,1259 1419,1259 1416,1256 1392,1256 1391,1258 1373,1256"/>
          <TextEquiv conf="0.9138677">
            <Unicode>daneben</Unicode>
          </TextEquiv>
        </Word>
        <Word id="region0013_line0019_word0005" custom="readingOrder {index:5;}">
          <Coords points="1480,1267 1530,1267 1530,1305 1480,1305"/>
          <TextEquiv>
            <Unicode>ge⸗</Unicode>
          </TextEquiv>
        </Word>
        <TextEquiv>
          <Unicode>bieten, wenn die Auslegung daneben ge⸗</Unicode>
        </TextEquiv>
      </TextLine>
      <TextLine id="region0013_line0020" custom="readingOrder {index:19;}">
        <Coords points="743,1296 734,1297 735,1353 901,1351 912,1340 912,1309 906,1303 855,1305 850,1301 838,1302 830,1296 811,1298 807,1302 798,1296 784,1299 779,1296"/>
        <Baseline points="735,1341 912,1340"/>
        <Word id="region0013_line0020_word0000" custom="readingOrder {index:0;}">
          <Coords points="862,1311 739,1311 739,1352 862,1351"/>
          <TextEquiv conf="0.9308908">
            <Unicode>ſchieht.</Unicode>
          </TextEquiv>
        </Word>
        <TextEquiv conf="0.9308908">
          <Unicode>ſchieht.</Unicode>
        </TextEquiv>
      </TextLine>
      <TextEquiv>
        <Unicode>168. Auch verſtehet der Narr St. Pau⸗&#13;
li Worte nicht recht, da er vom Zungenre⸗&#13;
den ſchreibt 1 Cor. 14, 2 ⸗ 29. Denn St.&#13;
Paulus ſchreibet vom Predigtamt unter der&#13;
Gemeine, da ſie ſoll zu hoͤren und lernen,&#13;
und ſpricht: Wer daſelbſt auftritt, und le⸗&#13;
ſen, lehren oder predigen will, und redet doch&#13;
mit Zungen, das iſt, daß er Lateiniſch vor&#13;
den Deutſchen, oder ſonſt eine unbekannte&#13;
Sprache fuͤhret, der ſoll ſchweigen, und ihm&#13;
ſelbſt alleine predigen. Denn niemand hoͤ⸗&#13;
ret es noch verſtehets, und kann ſich niemand&#13;
draus beſſern: oder ſo er ja mit Zungen re⸗&#13;
den will, ſoll ers daneben auch verdeutſchen,&#13;
oder ſonſt auslegen, daß die Gemeine verſte⸗&#13;
he. Daß alſo St. Paulus mit Zungen&#13;
reden nicht ſo ſtoͤrrig verbeut, als dieſer Suͤn⸗&#13;
dengeiſt thut; ſondern heiſſet ſie nicht ver⸗&#13;
bieten, wenn die Auslegung daneben ge⸗&#13;
ſchieht.</Unicode>
      </TextEquiv>
    </TextRegion>
    <TextRegion orientation="-0.16283633" readingDirection="left-to-right" id="region0014" custom="readingOrder {index:1;}">
      <Coords points="729,1394 1540,1394 1540,2459 729,2459"/>
      <TextLine id="region0014_line0001" custom="readingOrder {index:0;}">
        <Coords points="1244,1394 1233,1398 1229,1404 1212,1404 1206,1397 1192,1397 1185,1404 1151,1404 1141,1402 1131,1395 1045,1395 1041,1400 1037,1395 1021,1395 1017,1400 1003,1400 985,1400 983,1394 847,1394 840,1401 832,1397 822,1397 813,1401 733,1403 730,1405 730,1441 763,1446 825,1444 836,1451 847,1446 865,1446 871,1450 891,1446 898,1451 975,1451 991,1445 1000,1448 1029,1449 1038,1445 1048,1445 1072,1452 1124,1453 1171,1449 1177,1452 1193,1452 1199,1456 1208,1456 1215,1452 1248,1453 1256,1448 1270,1452 1396,1451 1410,1455 1453,1455 1474,1451 1481,1455 1540,1454 1540,1407 1486,1405 1465,1397 1456,1397 1440,1405 1382,1399 1378,1402 1334,1405 1327,1394 1313,1396 1309,1405 1294,1401 1288,1395 1279,1395 1273,1399 1270,1406 1261,1406 1256,1395"/>
        <Baseline points="730,1432 903,1441 1041,1437 1540,1444"/>
        <Word id="region0014_line0001_word0000" custom="readingOrder {index:0;}">
          <Coords points="864,1412 793,1412 793,1445 825,1444 836,1451 847,1446 864,1446"/>
          <TextEquiv conf="0.9260995">
            <Unicode>169.</Unicode>
          </TextEquiv>
        </Word>
        <Word id="region0014_line0001_word0001" custom="readingOrder {index:1;}">
          <Coords points="1017,1407 888,1406 888,1446 891,1446 898,1451 975,1451 991,1445 1000,1448 1017,1448"/>
          <TextEquiv conf="0.93047553">
            <Unicode>Daher</Unicode>
          </TextEquiv>
        </Word>
        <Word id="region0014_line0001_word0002" custom="readingOrder {index:2;}">
          <Coords points="1073,1449 1073,1409 1026,1409 1026,1448 1029,1449 1038,1445 1048,1445 1061,1449"/>
          <TextEquiv conf="0.93047553">
            <Unicode>die</Unicode>
          </TextEquiv>
        </Word>
        <Word id="region0014_line0001_word0003" custom="readingOrder {index:3;}">
          <Coords points="1299,1407 1082,1407 1082,1452 1124,1453 1171,1449 1177,1452 1193,1452 1197,1455 1209,1455 1215,1452 1248,1453 1256,1448 1270,1452 1299,1451"/>
          <TextEquiv conf="0.9266782">
            <Unicode>Gewohnheit</Unicode>
          </TextEquiv>
        </Word>
        <Word id="region0014_line0001_word0004" custom="readingOrder {index:4;}">
          <Coords points="1315,1406 1347,1406 1347,1446 1315,1446"/>
          <TextEquiv conf="0.93169475">
            <Unicode>in</Unicode>
          </TextEquiv>
        </Word>
        <Word id="region0014_line0001_word0005" custom="readingOrder {index:5;}">
          <Coords points="1363,1410 1444,1411 1444,1450 1363,1449"/>
          <TextEquiv conf="0.7994867">
            <Unicode>allen</Unicode>
          </TextEquiv>
        </Word>
        <Word id="region0014_line0001_word0006" custom="readingOrder {index:6;}">
          <Coords points="1452,1409 1533,1409 1533,1451 1452,1451"/>
          <TextEquiv conf="0.7994867">
            <Unicode>Lan⸗</Unicode>
          </TextEquiv>
        </Word>
        <TextEquiv conf="0.8920567">
          <Unicode>169. Daher die Gewohnheit in allen Lan⸗</Unicode>
        </TextEquiv>
      </TextLine>
      <TextLine id="region0014_line0002" custom="readingOrder {index:1;}">
        <Coords points="744,1443 730,1445 730,1500 812,1499 818,1496 831,1499 865,1499 901,1495 953,1502 960,1497 976,1500 983,1495 991,1495 997,1499 1026,1500 1035,1504 1097,1498 1129,1502 1170,1499 1185,1503 1194,1499 1234,1499 1253,1503 1273,1500 1307,1502 1316,1498 1328,1498 1334,1506 1357,1503 1444,1504 1455,1501 1460,1501 1467,1508 1478,1501 1488,1501 1495,1505 1540,1505 1540,1457 1535,1456 1482,1457 1474,1452 1451,1457 1402,1457 1396,1452 1369,1452 1363,1455 1272,1455 1261,1449 1248,1454 1215,1453 1208,1457 1171,1450 1155,1453 1088,1455 1063,1453 1048,1446 1038,1446 1029,1450 1000,1449 991,1446 975,1452 898,1452 891,1447 871,1451 865,1447 847,1447 836,1452 825,1445 812,1450 792,1451"/>
        <Baseline points="730,1489 1540,1494"/>
        <Word id="region0014_line0002_word0000" custom="readingOrder {index:0;}">
          <Coords points="743,1455 802,1455 802,1496 743,1496"/>
          <TextEquiv conf="0.92971176">
            <Unicode>den</Unicode>
          </TextEquiv>
        </Word>
        <Word id="region0014_line0002_word0001" custom="readingOrder {index:1;}">
          <Coords points="961,1455 821,1455 821,1496 831,1499 865,1499 901,1495 930,1499 957,1499 960,1497 961,1497"/>
          <TextEquiv conf="0.92943364">
            <Unicode>blieben,</Unicode>
          </TextEquiv>
        </Word>
        <Word id="region0014_line0002_word0002" custom="readingOrder {index:2;}">
          <Coords points="1052,1501 1052,1454 988,1453 988,1495 991,1495 997,1499 1026,1500 1027,1500"/>
          <TextEquiv conf="0.9299648">
            <Unicode>daß</Unicode>
          </TextEquiv>
        </Word>
        <Word id="region0014_line0002_word0003" custom="readingOrder {index:3;}">
          <Coords points="1069,1466 1146,1466 1146,1495 1069,1495"/>
          <TextEquiv conf="0.93221503">
            <Unicode>man</Unicode>
          </TextEquiv>
        </Word>
        <Word id="region0014_line0002_word0004" custom="readingOrder {index:4;}">
          <Coords points="1165,1457 1226,1457 1226,1496 1165,1496"/>
          <TextEquiv conf="0.9329076">
            <Unicode>das</Unicode>
          </TextEquiv>
        </Word>
        <Word id="region0014_line0002_word0005" custom="readingOrder {index:5;}">
          <Coords points="1234,1455 1234,1499 1243,1501 1265,1501 1273,1500 1293,1501 1308,1501 1316,1498 1328,1498 1330,1501 1452,1501 1455,1501 1460,1501 1460,1501 1476,1501 1478,1501 1488,1501 1489,1501 1533,1502 1533,1456 1482,1457 1480,1455 1456,1455 1451,1457 1402,1457 1400,1455"/>
          <TextEquiv conf="0.90865946">
            <Unicode>Evangelium</Unicode>
          </TextEquiv>
        </Word>
        <Word id="region0014_line0002_word0006" custom="readingOrder {index:6;}">
          <Coords points="1537,1456 1535,1456 1482,1457 1474,1452 1460,1455 1460,1501 1465,1506 1470,1506 1478,1501 1488,1501 1495,1505 1537,1505"/>
          <TextEquiv conf="0.92994463">
            <Unicode>hart</Unicode>
          </TextEquiv>
        </Word>
        <TextEquiv conf="0.9275481">
          <Unicode>den blieben, daß man das Evangelium hart</Unicode>
        </TextEquiv>
      </TextLine>
      <TextLine id="region0014_line0003" custom="readingOrder {index:2;}">
        <Coords points="887,1496 855,1501 831,1500 825,1497 786,1502 730,1501 730,1548 751,1545 764,1549 804,1545 831,1548 894,1545 898,1549 904,1549 908,1546 977,1545 986,1544 994,1539 1001,1543 1004,1551 1034,1551 1043,1548 1096,1552 1140,1552 1146,1549 1180,1551 1200,1548 1212,1555 1225,1553 1235,1557 1246,1553 1303,1553 1309,1557 1334,1553 1351,1554 1357,1558 1369,1553 1540,1554 1540,1507 1533,1505 1503,1507 1478,1502 1467,1509 1460,1502 1455,1502 1432,1507 1334,1507 1328,1499 1316,1499 1304,1505 1294,1501 1249,1504 1234,1500 1194,1500 1186,1505 1176,1505 1170,1500 1158,1500 1150,1506 1140,1503 1111,1504 1107,1500 1097,1499 1083,1504 1035,1505 1026,1501 998,1501 991,1496 983,1496 976,1501 960,1498 953,1503"/>
        <Baseline points="730,1537 1540,1543"/>
        <Word id="region0014_line0003_word0000" custom="readingOrder {index:0;}">
          <Coords points="802,1515 742,1515 742,1546 751,1545 760,1548 774,1548 802,1545"/>
          <TextEquiv conf="0.9300348">
            <Unicode>vor</Unicode>
          </TextEquiv>
        </Word>
        <Word id="region0014_line0003_word0001" custom="readingOrder {index:1;}">
          <Coords points="871,1510 818,1510 818,1546 831,1548 871,1546"/>
          <TextEquiv conf="0.93298477">
            <Unicode>der</Unicode>
          </TextEquiv>
        </Word>
        <Word id="region0014_line0003_word0002" custom="readingOrder {index:2;}">
          <Coords points="1026,1508 883,1507 883,1545 894,1545 898,1549 904,1549 908,1546 977,1545 986,1544 994,1539 1001,1543 1004,1551 1026,1551"/>
          <TextEquiv conf="0.5098116">
            <Unicode>Predigt</Unicode>
          </TextEquiv>
        </Word>
        <Word id="region0014_line0003_word0003" custom="readingOrder {index:3;}">
          <Coords points="1077,1518 1043,1518 1043,1548 1077,1550"/>
          <TextEquiv conf="0.9278365">
            <Unicode>zu</Unicode>
          </TextEquiv>
        </Word>
        <Word id="region0014_line0003_word0004" custom="readingOrder {index:4;}">
          <Coords points="1246,1509 1092,1509 1092,1551 1096,1552 1140,1552 1146,1549 1180,1551 1200,1548 1210,1554 1218,1554 1225,1553 1227,1554 1243,1554 1246,1553"/>
          <TextEquiv conf="0.9300477">
            <Unicode>lateiniſch</Unicode>
          </TextEquiv>
        </Word>
        <Word id="region0014_line0003_word0005" custom="readingOrder {index:5;}">
          <Coords points="1371,1508 1269,1507 1269,1553 1303,1553 1309,1557 1334,1553 1351,1554 1357,1558 1369,1553 1371,1553"/>
          <TextEquiv conf="0.9279256">
            <Unicode>lieſet;</Unicode>
          </TextEquiv>
        </Word>
        <Word id="region0014_line0003_word0006" custom="readingOrder {index:6;}">
          <Coords points="1532,1511 1399,1511 1399,1553 1532,1553"/>
          <TextEquiv conf="0.9283976">
            <Unicode>welches</Unicode>
          </TextEquiv>
        </Word>
        <TextEquiv conf="0.86957693">
          <Unicode>vor der Predigt zu lateiniſch lieſet; welches</Unicode>
        </TextEquiv>
      </TextLine>
      <TextLine id="region0014_line0004" custom="readingOrder {index:3;}">
        <Coords points="991,1540 986,1545 908,1547 904,1550 898,1550 894,1546 836,1550 822,1546 785,1547 777,1553 767,1552 757,1546 730,1549 729,1598 778,1596 794,1605 816,1605 822,1601 847,1602 853,1598 863,1598 874,1604 938,1603 950,1602 959,1594 967,1594 972,1600 994,1595 1010,1595 1052,1601 1163,1600 1177,1601 1183,1606 1198,1603 1215,1604 1222,1600 1262,1605 1277,1599 1331,1603 1343,1599 1353,1603 1374,1601 1378,1604 1442,1602 1461,1605 1516,1605 1525,1601 1539,1602 1540,1558 1478,1554 1456,1557 1450,1553 1439,1553 1432,1558 1369,1554 1360,1559 1351,1555 1319,1558 1235,1558 1212,1556 1200,1549 1187,1549 1175,1555 1155,1550 1146,1550 1138,1555 1099,1554 1091,1551 1060,1553 1044,1549 1004,1552 1000,1543"/>
        <Baseline points="729,1587 884,1593 1539,1593"/>
        <Word id="region0014_line0004_word0000" custom="readingOrder {index:0;}">
          <Coords points="743,1553 742,1597 778,1596 786,1601 822,1601 847,1601 848,1553 777,1553"/>
          <TextEquiv conf="0.92644453">
            <Unicode>heiſſet</Unicode>
          </TextEquiv>
        </Word>
        <Word id="region0014_line0004_word0001" custom="readingOrder {index:1;}">
          <Coords points="867,1553 937,1553 936,1596 866,1596"/>
          <TextEquiv conf="0.92644453">
            <Unicode>St.</Unicode>
          </TextEquiv>
        </Word>
        <Word id="region0014_line0004_word0002" custom="readingOrder {index:2;}">
          <Coords points="988,1543 986,1545 954,1546 953,1599 953,1599 959,1594 967,1594 971,1599 976,1599 994,1595 1010,1595 1042,1600 1094,1600 1095,1552 1091,1551 1060,1553 1044,1549 1004,1552 1000,1543"/>
          <TextEquiv conf="0.92991585">
            <Unicode>Paulus</Unicode>
          </TextEquiv>
        </Word>
        <Word id="region0014_line0004_word0003" custom="readingOrder {index:3;}">
          <Coords points="1110,1555 1168,1555 1167,1593 1109,1593"/>
          <TextEquiv conf="0.9307524">
            <Unicode>mit</Unicode>
          </TextEquiv>
        </Word>
        <Word id="region0014_line0004_word0004" custom="readingOrder {index:4;}">
          <Coords points="1182,1552 1181,1600 1222,1600 1274,1600 1277,1599 1290,1600 1315,1600 1315,1558 1235,1558 1212,1556 1205,1552"/>
          <TextEquiv conf="0.92971635">
            <Unicode>Zungen</Unicode>
          </TextEquiv>
        </Word>
        <Word id="region0014_line0004_word0005" custom="readingOrder {index:5;}">
          <Coords points="1348,1555 1329,1556 1329,1593 1421,1594 1421,1557 1396,1555 1366,1555 1360,1559 1351,1555"/>
          <TextEquiv conf="0.9273004">
            <Unicode>reden</Unicode>
          </TextEquiv>
        </Word>
        <Word id="region0014_line0004_word0006" custom="readingOrder {index:6;}">
          <Coords points="1438,1556 1437,1595 1469,1595 1470,1556 1463,1556 1456,1557 1454,1556"/>
          <TextEquiv conf="0.9263643">
            <Unicode>in</Unicode>
          </TextEquiv>
        </Word>
        <Word id="region0014_line0004_word0007" custom="readingOrder {index:7;}">
          <Coords points="1480,1558 1532,1558 1531,1594 1479,1594"/>
          <TextEquiv conf="0.9263643">
            <Unicode>der</Unicode>
          </TextEquiv>
        </Word>
        <TextEquiv conf="0.92791283">
          <Unicode>heiſſet St. Paulus mit Zungen reden in der</Unicode>
        </TextEquiv>
      </TextLine>
      <TextLine id="region0014_line0005" custom="readingOrder {index:4;}">
        <Coords points="959,1595 948,1604 914,1605 874,1605 863,1599 853,1599 847,1603 794,1606 778,1597 729,1599 729,1646 747,1645 768,1649 796,1646 828,1649 893,1647 996,1650 1014,1651 1019,1648 1094,1648 1100,1651 1113,1651 1145,1647 1160,1648 1167,1653 1267,1655 1275,1659 1290,1655 1310,1655 1324,1650 1334,1653 1362,1653 1373,1658 1383,1658 1402,1650 1473,1656 1515,1652 1521,1658 1539,1655 1539,1603 1536,1602 1521,1603 1513,1608 1442,1603 1380,1606 1374,1602 1362,1601 1353,1604 1343,1600 1331,1604 1277,1600 1262,1606 1250,1603 1237,1605 1231,1601 1222,1601 1215,1605 1198,1604 1183,1607 1177,1602 1163,1601 1156,1601 1147,1606 1072,1605 1035,1598 1010,1596 994,1596 972,1601 967,1595"/>
        <Baseline points="729,1635 1539,1644"/>
        <Word id="region0014_line0005_word0000" custom="readingOrder {index:0;}">
          <Coords points="913,1608 740,1608 740,1645 747,1645 768,1649 796,1646 828,1649 893,1647 913,1647"/>
          <TextEquiv conf="0.9258343">
            <Unicode>Gemeine.</Unicode>
          </TextEquiv>
        </Word>
        <Word id="region0014_line0005_word0001" custom="readingOrder {index:1;}">
          <Coords points="961,1603 961,1648 996,1650 1002,1650 1014,1650 1019,1648 1079,1648 1079,1605 1072,1605 1066,1603"/>
          <TextEquiv conf="0.92055625">
            <Unicode>Aber</Unicode>
          </TextEquiv>
        </Word>
        <Word id="region0014_line0005_word0002" custom="readingOrder {index:2;}">
          <Coords points="1177,1650 1177,1611 1105,1611 1105,1650 1121,1650 1145,1647 1160,1648 1162,1650"/>
          <TextEquiv conf="0.91522497">
            <Unicode>weil</Unicode>
          </TextEquiv>
        </Word>
        <Word id="region0014_line0005_word0003" custom="readingOrder {index:3;}">
          <Coords points="1197,1610 1245,1610 1245,1649 1197,1649"/>
          <TextEquiv conf="0.9290766">
            <Unicode>die</Unicode>
          </TextEquiv>
        </Word>
        <Word id="region0014_line0005_word0004" custom="readingOrder {index:4;}">
          <Coords points="1407,1610 1264,1609 1264,1654 1267,1655 1273,1658 1278,1658 1290,1655 1310,1655 1324,1650 1334,1653 1362,1653 1373,1658 1383,1658 1402,1650 1407,1650"/>
          <TextEquiv conf="0.9275494">
            <Unicode>Predigt</Unicode>
          </TextEquiv>
        </Word>
        <Word id="region0014_line0005_word0005" custom="readingOrder {index:5;}">
          <Coords points="1535,1655 1535,1609 1433,1609 1433,1652 1461,1655 1483,1655 1515,1652 1518,1655"/>
          <TextEquiv conf="0.9303268">
            <Unicode>drauf</Unicode>
          </TextEquiv>
        </Word>
        <TextEquiv conf="0.9247614">
          <Unicode>Gemeine. Aber weil die Predigt drauf</Unicode>
        </TextEquiv>
      </TextLine>
      <TextLine id="region0014_line0006" custom="readingOrder {index:5;}">
        <Coords points="742,1646 729,1647 729,1700 786,1700 810,1696 821,1696 826,1700 845,1704 877,1700 891,1703 899,1700 935,1702 988,1699 1074,1701 1117,1705 1122,1701 1130,1701 1136,1708 1160,1700 1174,1704 1199,1704 1208,1708 1222,1708 1260,1700 1310,1704 1356,1703 1371,1700 1397,1709 1477,1700 1539,1704 1539,1656 1521,1659 1515,1653 1469,1658 1434,1652 1402,1651 1383,1659 1373,1659 1324,1651 1310,1656 1290,1656 1275,1660 1267,1656 1167,1657 1160,1649 1145,1648 1116,1650 1111,1654 1094,1649 1019,1649 1014,1652 989,1652 933,1649 898,1652 893,1648 877,1648 872,1653 864,1653 796,1647 768,1650"/>
        <Baseline points="729,1690 1539,1694"/>
        <Word id="region0014_line0006_word0000" custom="readingOrder {index:0;}">
          <Coords points="817,1660 740,1660 740,1699 792,1699 810,1696 817,1696"/>
          <TextEquiv conf="0.923926">
            <Unicode>bald</Unicode>
          </TextEquiv>
        </Word>
        <Word id="region0014_line0006_word0001" custom="readingOrder {index:1;}">
          <Coords points="949,1660 843,1660 843,1703 845,1704 877,1700 891,1703 899,1700 935,1702 949,1701"/>
          <TextEquiv conf="0.9193232">
            <Unicode>gehet,</Unicode>
          </TextEquiv>
        </Word>
        <Word id="region0014_line0006_word0002" custom="readingOrder {index:2;}">
          <Coords points="975,1660 1041,1661 1041,1698 975,1697"/>
          <TextEquiv conf="0.9297615">
            <Unicode>und</Unicode>
          </TextEquiv>
        </Word>
        <Word id="region0014_line0006_word0003" custom="readingOrder {index:3;}">
          <Coords points="1062,1661 1110,1661 1110,1699 1062,1699"/>
          <TextEquiv conf="0.92843074">
            <Unicode>die</Unicode>
          </TextEquiv>
        </Word>
        <Word id="region0014_line0006_word0004" custom="readingOrder {index:4;}">
          <Coords points="1244,1658 1132,1658 1132,1703 1136,1708 1160,1700 1174,1704 1199,1704 1208,1708 1222,1708 1244,1703"/>
          <TextEquiv conf="0.92781293">
            <Unicode>Zunge</Unicode>
          </TextEquiv>
        </Word>
        <Word id="region0014_line0006_word0005" custom="readingOrder {index:5;}">
          <Coords points="1441,1661 1265,1660 1265,1700 1310,1704 1356,1703 1371,1700 1390,1706 1416,1706 1441,1704"/>
          <TextEquiv conf="0.91654605">
            <Unicode>verdeutſch</Unicode>
          </TextEquiv>
        </Word>
        <Word id="region0014_line0006_word0006" custom="readingOrder {index:6;}">
          <Coords points="1464,1663 1529,1663 1529,1700 1464,1700"/>
          <TextEquiv conf="0.93178207">
            <Unicode>und</Unicode>
          </TextEquiv>
        </Word>
        <TextEquiv conf="0.9253689">
          <Unicode>bald gehet, und die Zunge verdeutſch und</Unicode>
        </TextEquiv>
      </TextLine>
      <TextLine id="region0014_line0007" custom="readingOrder {index:6;}">
        <Coords points="810,1697 789,1702 729,1704 729,1746 818,1749 832,1747 844,1754 869,1750 900,1754 921,1748 936,1750 941,1746 957,1745 963,1748 1010,1750 1142,1753 1152,1758 1188,1748 1282,1754 1291,1750 1304,1750 1310,1753 1359,1750 1366,1754 1431,1757 1469,1758 1475,1754 1492,1758 1540,1757 1539,1705 1477,1701 1397,1710 1381,1707 1371,1701 1353,1706 1290,1705 1277,1701 1260,1701 1252,1705 1208,1709 1202,1706 1177,1706 1160,1701 1136,1709 1130,1702 1122,1702 1117,1706 1093,1703 1043,1705 1039,1702 1004,1700 935,1703 899,1701 891,1704 877,1701 845,1705 827,1702 821,1697"/>
        <Baseline points="729,1737 1540,1746"/>
        <Word id="region0014_line0007_word0000" custom="readingOrder {index:0;}">
          <Coords points="905,1706 741,1706 741,1746 818,1749 832,1747 844,1754 869,1750 900,1754 905,1752"/>
          <TextEquiv conf="0.9231883">
            <Unicode>ausleget,</Unicode>
          </TextEquiv>
        </Word>
        <Word id="region0014_line0007_word0001" custom="readingOrder {index:1;}">
          <Coords points="1000,1746 1000,1709 938,1709 938,1746 941,1746 957,1745 959,1746"/>
          <TextEquiv conf="0.931697">
            <Unicode>das</Unicode>
          </TextEquiv>
        </Word>
        <Word id="region0014_line0007_word0002" custom="readingOrder {index:2;}">
          <Coords points="1029,1709 1029,1750 1142,1753 1148,1756 1159,1756 1174,1751 1174,1709 1136,1709"/>
          <TextEquiv conf="0.90248567">
            <Unicode>verwirft</Unicode>
          </TextEquiv>
        </Word>
        <Word id="region0014_line0007_word0003" custom="readingOrder {index:3;}">
          <Coords points="1205,1709 1205,1749 1266,1753 1282,1753 1282,1709 1208,1709"/>
          <TextEquiv conf="0.92511946">
            <Unicode>noch</Unicode>
          </TextEquiv>
        </Word>
        <Word id="region0014_line0007_word0004" custom="readingOrder {index:4;}">
          <Coords points="1306,1708 1306,1749 1437,1750 1437,1709 1407,1708 1397,1710 1389,1708"/>
          <TextEquiv conf="0.9296421">
            <Unicode>verbeut</Unicode>
          </TextEquiv>
        </Word>
        <Word id="region0014_line0007_word0005" custom="readingOrder {index:5;}">
          <Coords points="1457,1709 1528,1709 1528,1753 1457,1753"/>
          <TextEquiv conf="0.93138003">
            <Unicode>St.</Unicode>
          </TextEquiv>
        </Word>
        <TextEquiv conf="0.9239188">
          <Unicode>ausleget, das verwirft noch verbeut St.</Unicode>
        </TextEquiv>
      </TextLine>
      <TextLine id="region0014_line0008" custom="readingOrder {index:7;}">
        <Coords points="750,1746 729,1747 730,1803 738,1803 749,1795 755,1795 760,1805 779,1801 844,1799 850,1796 863,1799 946,1797 953,1802 983,1801 991,1805 1038,1801 1138,1798 1172,1800 1180,1805 1271,1801 1300,1806 1307,1801 1331,1798 1380,1800 1410,1804 1540,1805 1540,1758 1492,1759 1483,1755 1475,1755 1469,1759 1411,1758 1366,1755 1359,1751 1318,1754 1291,1751 1282,1755 1188,1749 1152,1759 1135,1755 965,1750 957,1746 941,1747 936,1751 921,1749 900,1755 881,1751 844,1755 832,1748 815,1752"/>
        <Baseline points="730,1791 1540,1795"/>
        <Word id="region0014_line0008_word0000" custom="readingOrder {index:0;}">
          <Coords points="881,1759 740,1759 740,1801 749,1795 755,1795 760,1805 779,1801 844,1799 850,1796 863,1799 881,1798"/>
          <TextEquiv conf="0.93235445">
            <Unicode>Paulus</Unicode>
          </TextEquiv>
        </Word>
        <Word id="region0014_line0008_word0001" custom="readingOrder {index:1;}">
          <Coords points="1000,1757 898,1757 898,1798 946,1797 953,1802 983,1801 991,1805 1000,1804"/>
          <TextEquiv conf="0.9273441">
            <Unicode>nicht;</Unicode>
          </TextEquiv>
        </Word>
        <Word id="region0014_line0008_word0002" custom="readingOrder {index:2;}">
          <Coords points="1033,1764 1162,1764 1162,1798 1033,1798"/>
          <TextEquiv conf="0.92903787">
            <Unicode>warum</Unicode>
          </TextEquiv>
        </Word>
        <Word id="region0014_line0008_word0003" custom="readingOrder {index:3;}">
          <Coords points="1242,1759 1177,1759 1177,1803 1178,1804 1202,1804 1242,1802"/>
          <TextEquiv conf="0.92417526">
            <Unicode>ſollt</Unicode>
          </TextEquiv>
        </Word>
        <Word id="region0014_line0008_word0004" custom="readingOrder {index:4;}">
          <Coords points="1331,1760 1266,1760 1266,1801 1271,1801 1294,1805 1301,1805 1307,1801 1331,1798"/>
          <TextEquiv conf="0.91932327">
            <Unicode>ichs</Unicode>
          </TextEquiv>
        </Word>
        <Word id="region0014_line0008_word0005" custom="readingOrder {index:5;}">
          <Coords points="1352,1760 1434,1761 1434,1799 1352,1798"/>
          <TextEquiv conf="0.91839296">
            <Unicode>denn</Unicode>
          </TextEquiv>
        </Word>
        <Word id="region0014_line0008_word0006" custom="readingOrder {index:6;}">
          <Coords points="1457,1762 1530,1762 1530,1800 1457,1800"/>
          <TextEquiv conf="0.9322276">
            <Unicode>oder</Unicode>
          </TextEquiv>
        </Word>
        <TextEquiv conf="0.9261222">
          <Unicode>Paulus nicht; warum ſollt ichs denn oder</Unicode>
        </TextEquiv>
      </TextLine>
      <TextLine id="region0014_line0009" custom="readingOrder {index:8;}">
        <Coords points="749,1796 738,1804 730,1805 730,1849 737,1854 744,1853 751,1846 779,1845 786,1849 794,1843 807,1843 812,1847 823,1848 863,1848 880,1845 887,1848 936,1846 940,1849 978,1849 1026,1846 1144,1857 1207,1848 1298,1849 1340,1854 1361,1854 1369,1852 1392,1852 1396,1855 1460,1853 1483,1859 1505,1855 1540,1855 1540,1810 1470,1808 1465,1805 1451,1805 1445,1808 1380,1801 1337,1799 1311,1801 1300,1807 1271,1802 1180,1806 1172,1801 1157,1799 1100,1800 1060,1805 1002,1803 991,1806 983,1802 953,1803 946,1798 902,1802 850,1797 844,1800 760,1806 755,1796"/>
        <Baseline points="730,1838 1098,1839 1131,1845 1540,1842"/>
        <Word id="region0014_line0009_word0000" custom="readingOrder {index:0;}">
          <Coords points="741,1802 740,1803 740,1854 744,1853 751,1846 779,1845 786,1849 794,1843 807,1843 812,1847 823,1848 863,1848 869,1847 869,1802 816,1802 760,1806 758,1802"/>
          <TextEquiv conf="0.9219719">
            <Unicode>jemand</Unicode>
          </TextEquiv>
        </Word>
        <Word id="region0014_line0009_word0001" custom="readingOrder {index:1;}">
          <Coords points="1117,1849 1117,1811 886,1810 886,1847 887,1848 936,1846 938,1848 987,1848 1026,1846 1055,1848"/>
          <TextEquiv conf="0.92870814">
            <Unicode>verdammen?</Unicode>
          </TextEquiv>
        </Word>
        <Word id="region0014_line0009_word0002" custom="readingOrder {index:2;}">
          <Coords points="1188,1808 1132,1808 1132,1855 1158,1855 1188,1850"/>
          <TextEquiv conf="0.9288193">
            <Unicode>Ja</Unicode>
          </TextEquiv>
        </Word>
        <Word id="region0014_line0009_word0003" custom="readingOrder {index:3;}">
          <Coords points="1197,1812 1302,1812 1302,1848 1197,1848"/>
          <TextEquiv conf="0.91960746">
            <Unicode>wollte</Unicode>
          </TextEquiv>
        </Word>
        <Word id="region0014_line0009_word0004" custom="readingOrder {index:4;}">
          <Coords points="1421,1852 1421,1810 1312,1809 1312,1850 1315,1851"/>
          <TextEquiv conf="0.91180885">
            <Unicode>GOtt</Unicode>
          </TextEquiv>
        </Word>
        <Word id="region0014_line0009_word0005" custom="readingOrder {index:5;}">
          <Coords points="1429,1814 1464,1814 1464,1849 1429,1849"/>
          <TextEquiv conf="0.92340475">
            <Unicode>es</Unicode>
          </TextEquiv>
        </Word>
        <Word id="region0014_line0009_word0006" custom="readingOrder {index:6;}">
          <Coords points="1477,1819 1530,1819 1530,1853 1477,1853"/>
          <TextEquiv conf="0.91299033">
            <Unicode>ge⸗</Unicode>
          </TextEquiv>
        </Word>
        <TextEquiv conf="0.9210444">
          <Unicode>jemand verdammen? Ja wollte GOtt es ge⸗</Unicode>
        </TextEquiv>
      </TextLine>
      <TextLine id="region0014_line0010" custom="readingOrder {index:9;}">
        <Coords points="794,1844 786,1850 779,1846 751,1847 742,1855 730,1851 730,1900 739,1897 748,1900 756,1897 760,1900 780,1902 792,1896 808,1896 814,1899 860,1900 865,1903 879,1900 918,1900 932,1903 971,1898 1043,1900 1060,1897 1069,1901 1139,1902 1152,1907 1163,1906 1169,1902 1187,1905 1242,1906 1267,1901 1279,1905 1286,1898 1293,1898 1298,1906 1315,1905 1323,1900 1331,1900 1338,1904 1371,1900 1403,1901 1416,1905 1456,1905 1472,1900 1490,1900 1502,1905 1540,1901 1540,1860 1519,1859 1514,1856 1483,1860 1460,1854 1397,1857 1392,1853 1369,1853 1359,1856 1298,1850 1207,1849 1144,1858 1026,1847 964,1852 940,1850 936,1847 887,1849 869,1846 863,1849 827,1852 825,1849 812,1848 807,1844"/>
        <Baseline points="730,1889 1540,1891"/>
        <Word id="region0014_line0010_word0000" custom="readingOrder {index:0;}">
          <Coords points="848,1854 743,1854 742,1855 742,1898 748,1900 756,1897 760,1900 780,1902 792,1896 808,1896 814,1899 848,1899"/>
          <TextEquiv conf="0.9059916">
            <Unicode>ſchaͤhe</Unicode>
          </TextEquiv>
        </Word>
        <Word id="region0014_line0010_word0001" custom="readingOrder {index:1;}">
          <Coords points="976,1859 866,1859 866,1902 879,1900 918,1900 932,1903 971,1898 976,1898"/>
          <TextEquiv conf="0.92838037">
            <Unicode>ſolcher</Unicode>
          </TextEquiv>
        </Word>
        <Word id="region0014_line0010_word0002" custom="readingOrder {index:2;}">
          <Coords points="1168,1859 998,1858 998,1898 1043,1900 1060,1897 1069,1901 1139,1902 1146,1904 1164,1904 1168,1902"/>
          <TextEquiv conf="0.92701536">
            <Unicode>Ordnung</Unicode>
          </TextEquiv>
        </Word>
        <Word id="region0014_line0010_word0003" custom="readingOrder {index:3;}">
          <Coords points="1192,1858 1262,1858 1262,1902 1192,1902"/>
          <TextEquiv conf="0.9181671">
            <Unicode>St.</Unicode>
          </TextEquiv>
        </Word>
        <Word id="region0014_line0010_word0004" custom="readingOrder {index:4;}">
          <Coords points="1388,1860 1279,1859 1279,1905 1286,1898 1293,1898 1297,1905 1310,1905 1315,1905 1323,1900 1331,1900 1338,1904 1371,1900 1388,1900"/>
          <TextEquiv conf="0.9299782">
            <Unicode>Pauli</Unicode>
          </TextEquiv>
        </Word>
        <Word id="region0014_line0010_word0005" custom="readingOrder {index:5;}">
          <Coords points="1416,1863 1529,1863 1529,1900 1416,1900"/>
          <TextEquiv conf="0.6266692">
            <Unicode>allent⸗</Unicode>
          </TextEquiv>
        </Word>
        <TextEquiv conf="0.87270033">
          <Unicode>ſchaͤhe ſolcher Ordnung St. Pauli allent⸗</Unicode>
        </TextEquiv>
      </TextLine>
      <TextLine id="region0014_line0011" custom="readingOrder {index:10;}">
        <Coords points="792,1897 780,1903 760,1901 756,1898 748,1901 739,1898 730,1901 729,1949 737,1949 743,1955 756,1954 762,1949 819,1949 837,1945 846,1945 868,1954 887,1953 893,1949 918,1949 925,1945 965,1952 975,1948 1003,1948 1037,1951 1041,1954 1075,1949 1193,1953 1247,1950 1261,1950 1267,1953 1323,1953 1339,1949 1345,1953 1362,1950 1368,1958 1391,1954 1401,1957 1440,1954 1446,1951 1470,1955 1539,1953 1540,1910 1503,1907 1490,1901 1465,1902 1450,1907 1424,1907 1382,1901 1357,1901 1339,1906 1331,1901 1323,1901 1315,1906 1298,1907 1293,1899 1286,1899 1279,1906 1267,1902 1242,1907 1187,1906 1169,1903 1163,1907 1151,1908 1142,1905 1077,1903 1060,1898 1043,1901 971,1899 932,1904 843,1903"/>
        <Baseline points="729,1940 1539,1942"/>
        <Word id="region0014_line0011_word0000" custom="readingOrder {index:0;}">
          <Coords points="856,1909 741,1909 740,1952 743,1955 756,1954 762,1949 819,1949 837,1945 846,1945 855,1948"/>
          <TextEquiv conf="0.9267023">
            <Unicode>halben</Unicode>
          </TextEquiv>
        </Word>
        <Word id="region0014_line0011_word0001" custom="readingOrder {index:1;}">
          <Coords points="975,1917 869,1917 868,1954 887,1953 893,1949 918,1949 925,1945 965,1952 974,1948"/>
          <TextEquiv conf="0.90005547">
            <Unicode>gnug,</Unicode>
          </TextEquiv>
        </Word>
        <Word id="region0014_line0011_word0002" custom="readingOrder {index:2;}">
          <Coords points="1062,1909 1002,1908 1001,1948 1003,1948 1037,1951 1040,1953 1043,1953 1061,1951"/>
          <TextEquiv conf="0.9271524">
            <Unicode>daß</Unicode>
          </TextEquiv>
        </Word>
        <Word id="region0014_line0011_word0003" custom="readingOrder {index:3;}">
          <Coords points="1079,1920 1157,1920 1156,1949 1078,1949"/>
          <TextEquiv conf="0.9315294">
            <Unicode>man</Unicode>
          </TextEquiv>
        </Word>
        <Word id="region0014_line0011_word0004" custom="readingOrder {index:4;}">
          <Coords points="1172,1913 1241,1913 1240,1950 1171,1950"/>
          <TextEquiv conf="0.9303328">
            <Unicode>dem</Unicode>
          </TextEquiv>
        </Word>
        <Word id="region0014_line0011_word0005" custom="readingOrder {index:5;}">
          <Coords points="1255,1905 1254,1950 1261,1950 1267,1953 1323,1953 1339,1949 1345,1953 1362,1950 1366,1956 1375,1956 1391,1954 1400,1956 1404,1956 1440,1954 1446,1951 1449,1951 1449,1907 1424,1907 1415,1905 1341,1905 1339,1906 1338,1905 1316,1905 1315,1906 1298,1907 1296,1905 1279,1905 1279,1906 1276,1905"/>
          <TextEquiv conf="0.92920405">
            <Unicode>lateiniſchen</Unicode>
          </TextEquiv>
        </Word>
        <Word id="region0014_line0011_word0006" custom="readingOrder {index:6;}">
          <Coords points="1460,1911 1527,1911 1526,1952 1459,1952"/>
          <TextEquiv>
            <Unicode>Ev⸗</Unicode>
          </TextEquiv>
        </Word>
        <TextEquiv>
          <Unicode>halben gnug, daß man dem lateiniſchen Ev⸗</Unicode>
        </TextEquiv>
      </TextLine>
      <TextLine id="region0014_line0012" custom="readingOrder {index:11;}">
        <Coords points="837,1946 817,1950 814,1954 729,1954 729,1998 739,1996 774,1999 783,1995 802,1995 811,1998 890,1998 939,1993 976,1997 1014,1996 1019,2000 1154,2002 1163,1999 1223,1997 1260,1999 1278,2008 1290,2003 1356,2003 1366,2007 1385,2002 1465,2001 1481,2004 1486,2001 1502,2000 1508,2003 1539,2003 1539,1959 1536,1958 1498,1958 1446,1952 1440,1955 1404,1958 1391,1955 1368,1959 1362,1951 1348,1955 1339,1950 1306,1956 1268,1955 1261,1951 1247,1951 1241,1955 1179,1955 1075,1950 1041,1955 1020,1951 975,1949 965,1953 933,1946 922,1947 917,1952 868,1955 853,1954 851,1948"/>
        <Baseline points="729,1988 1539,1993"/>
        <Word id="region0014_line0012_word0000" custom="readingOrder {index:0;}">
          <Coords points="738,1955 864,1955 864,1994 738,1994"/>
          <TextEquiv>
            <Unicode>angelio</Unicode>
          </TextEquiv>
        </Word>
        <Word id="region0014_line0012_word0001" custom="readingOrder {index:1;}">
          <Coords points="1001,1994 1001,1956 900,1956 900,1994 929,1994 939,1993 948,1994"/>
          <TextEquiv conf="0.9104445">
            <Unicode>nichts</Unicode>
          </TextEquiv>
        </Word>
        <Word id="region0014_line0012_word0002" custom="readingOrder {index:2;}">
          <Coords points="1033,1958 1153,1958 1153,1995 1033,1995"/>
          <TextEquiv conf="0.9309147">
            <Unicode>anders</Unicode>
          </TextEquiv>
        </Word>
        <Word id="region0014_line0012_word0003" custom="readingOrder {index:3;}">
          <Coords points="1193,1956 1193,1998 1223,1997 1260,1999 1267,2002 1382,2003 1385,2002 1417,2002 1417,1957 1416,1957 1404,1958 1399,1957 1380,1957 1368,1959 1366,1957"/>
          <TextEquiv conf="0.9260986">
            <Unicode>nachpredigte</Unicode>
          </TextEquiv>
        </Word>
        <Word id="region0014_line0012_word0004" custom="readingOrder {index:4;}">
          <Coords points="1447,1958 1527,1958 1527,1996 1447,1996"/>
          <TextEquiv conf="0.924335">
            <Unicode>denn</Unicode>
          </TextEquiv>
        </Word>
        <TextEquiv>
          <Unicode>angelio nichts anders nachpredigte denn</Unicode>
        </TextEquiv>
      </TextLine>
      <TextLine id="region0014_line0013" custom="readingOrder {index:12;}">
        <Coords points="926,1994 866,2003 845,2003 839,1997 811,1999 802,1996 783,1996 774,2000 739,1997 729,1999 729,2046 768,2045 782,2050 797,2050 801,2047 847,2049 860,2043 873,2043 880,2048 891,2049 976,2049 1012,2046 1040,2053 1082,2048 1101,2048 1104,2052 1110,2053 1120,2050 1168,2050 1172,2047 1178,2052 1216,2049 1243,2054 1434,2054 1466,2050 1482,2050 1490,2055 1496,2052 1539,2054 1539,2008 1510,2008 1509,2004 1502,2001 1486,2002 1479,2006 1465,2002 1385,2003 1366,2008 1332,2004 1288,2006 1278,2009 1260,2000 1223,1998 1163,2000 1148,2004 1020,2004 1014,1997 982,1999"/>
        <Baseline points="729,2036 1539,2043"/>
        <Word id="region0014_line0013_word0000" custom="readingOrder {index:0;}">
          <Coords points="887,2009 737,2009 737,2045 768,2045 782,2050 797,2050 801,2047 847,2049 860,2043 873,2043 880,2048 887,2048"/>
          <TextEquiv>
            <Unicode>deſſelben</Unicode>
          </TextEquiv>
        </Word>
        <Word id="region0014_line0013_word0001" custom="readingOrder {index:1;}">
          <Coords points="1128,2007 922,2006 922,2049 976,2049 1012,2046 1038,2053 1043,2053 1082,2048 1101,2048 1104,2052 1109,2053 1110,2053 1120,2050 1128,2050"/>
          <TextEquiv conf="0.9227335">
            <Unicode>Auslegung.</Unicode>
          </TextEquiv>
        </Word>
        <Word id="region0014_line0013_word0002" custom="readingOrder {index:2;}">
          <Coords points="1205,2009 1205,2049 1216,2049 1226,2051 1297,2051 1297,2009 1278,2009"/>
          <TextEquiv conf="0.91961825">
            <Unicode>Nun</Unicode>
          </TextEquiv>
        </Word>
        <Word id="region0014_line0013_word0003" custom="readingOrder {index:3;}">
          <Coords points="1333,2010 1400,2011 1400,2049 1333,2048"/>
          <TextEquiv conf="0.9277712">
            <Unicode>will</Unicode>
          </TextEquiv>
        </Word>
        <Word id="region0014_line0013_word0004" custom="readingOrder {index:4;}">
          <Coords points="1527,2010 1434,2010 1434,2054 1466,2050 1482,2050 1490,2055 1496,2052 1527,2053"/>
          <TextEquiv conf="0.9301777">
            <Unicode>dieſer</Unicode>
          </TextEquiv>
        </Word>
        <TextEquiv>
          <Unicode>deſſelben Auslegung. Nun will dieſer</Unicode>
        </TextEquiv>
      </TextLine>
      <TextLine id="region0014_line0014" custom="readingOrder {index:13;}">
        <Coords points="860,2044 852,2053 804,2048 797,2051 782,2051 768,2046 729,2047 729,2097 796,2100 818,2100 823,2097 922,2099 962,2092 967,2096 987,2095 1014,2103 1062,2097 1082,2100 1148,2100 1160,2097 1170,2101 1192,2102 1259,2102 1265,2099 1278,2102 1305,2102 1314,2098 1327,2098 1334,2102 1434,2103 1450,2107 1468,2107 1474,2103 1481,2103 1487,2107 1502,2102 1508,2102 1513,2106 1540,2105 1539,2055 1517,2053 1496,2053 1490,2056 1482,2051 1466,2051 1413,2057 1272,2056 1224,2054 1216,2050 1201,2054 1146,2054 1137,2051 1108,2054 1101,2049 1082,2049 1040,2054 1024,2048 1006,2046 998,2052 990,2053 881,2053 873,2044"/>
        <Baseline points="729,2087 1540,2094"/>
        <Word id="region0014_line0014_word0000" custom="readingOrder {index:0;}">
          <Coords points="737,2051 737,2097 777,2099 819,2099 823,2097 922,2099 962,2092 967,2096 987,2095 1003,2100 1038,2100 1041,2100 1041,2054 1040,2054 1035,2052 998,2052 998,2052 990,2053 881,2053 880,2051 853,2051 852,2053 836,2051"/>
          <TextEquiv conf="0.57830924">
            <Unicode>Schwaͤrmergeiſt</Unicode>
          </TextEquiv>
        </Word>
        <Word id="region0014_line0014_word0001" custom="readingOrder {index:1;}">
          <Coords points="1057,2058 1137,2058 1137,2095 1057,2095"/>
          <TextEquiv conf="0.93101966">
            <Unicode>alles</Unicode>
          </TextEquiv>
        </Word>
        <Word id="region0014_line0014_word0002" custom="readingOrder {index:2;}">
          <Coords points="1153,2057 1361,2057 1361,2095 1153,2095"/>
          <TextEquiv conf="0.92608505">
            <Unicode>verdammen</Unicode>
          </TextEquiv>
        </Word>
        <Word id="region0014_line0014_word0003" custom="readingOrder {index:3;}">
          <Coords points="1372,2063 1446,2063 1446,2096 1372,2096"/>
          <TextEquiv conf="0.9225879">
            <Unicode>was</Unicode>
          </TextEquiv>
        </Word>
        <Word id="region0014_line0014_word0004" custom="readingOrder {index:4;}">
          <Coords points="1456,2057 1528,2057 1528,2101 1456,2101"/>
          <TextEquiv conf="0.9320459">
            <Unicode>St.</Unicode>
          </TextEquiv>
        </Word>
        <TextEquiv conf="0.8580096">
          <Unicode>Schwaͤrmergeiſt alles verdammen was St.</Unicode>
        </TextEquiv>
      </TextLine>
      <TextLine id="region0014_line0015" custom="readingOrder {index:14;}">
        <Coords points="956,2093 926,2099 921,2105 838,2102 831,2098 818,2101 729,2098 730,2132 740,2134 735,2133 743,2137 753,2151 767,2149 781,2148 793,2151 812,2148 884,2148 899,2152 962,2149 971,2153 984,2149 1086,2148 1113,2151 1196,2152 1224,2149 1228,2153 1239,2150 1315,2155 1326,2149 1345,2148 1351,2151 1372,2150 1378,2153 1482,2150 1507,2156 1540,2155 1540,2106 1513,2107 1508,2103 1502,2103 1487,2108 1481,2104 1474,2104 1468,2108 1450,2108 1434,2104 1424,2107 1352,2106 1335,2105 1327,2099 1314,2099 1305,2103 1278,2103 1265,2100 1259,2103 1170,2104 1168,2100 1160,2098 1151,2099 1144,2104 1075,2101 1070,2098 1014,2104 994,2100 987,2096 967,2097 962,2093"/>
        <Baseline points="771,2139 1540,2144"/>
        <Word id="region0014_line0015_word0000" custom="readingOrder {index:0;}">
          <Coords points="879,2145 879,2108 738,2108 738,2133 740,2134 752,2125 745,2133 755,2147 768,2145"/>
          <TextEquiv>
            <Unicode>Paulus</Unicode>
          </TextEquiv>
        </Word>
        <Word id="region0014_line0015_word0001" custom="readingOrder {index:1;}">
          <Coords points="926,2099 921,2105 898,2104 898,2149 962,2149 984,2149 1001,2148 1001,2101 994,2100 992,2099"/>
          <TextEquiv conf="0.9261431">
            <Unicode>zulaͤßt</Unicode>
          </TextEquiv>
        </Word>
        <Word id="region0014_line0015_word0002" custom="readingOrder {index:2;}">
          <Coords points="1017,2107 1082,2107 1082,2145 1017,2145"/>
          <TextEquiv conf="0.93281823">
            <Unicode>und</Unicode>
          </TextEquiv>
        </Word>
        <Word id="region0014_line0015_word0003" custom="readingOrder {index:3;}">
          <Coords points="1238,2150 1238,2105 1097,2105 1097,2149 1104,2150 1214,2150 1224,2149 1225,2150"/>
          <TextEquiv conf="0.9248098">
            <Unicode>verbeut,</Unicode>
          </TextEquiv>
        </Word>
        <Word id="region0014_line0015_word0004" custom="readingOrder {index:4;}">
          <Coords points="1328,2104 1265,2104 1265,2150 1324,2150 1326,2149 1328,2148"/>
          <TextEquiv conf="0.9255194">
            <Unicode>daß</Unicode>
          </TextEquiv>
        </Word>
        <Word id="region0014_line0015_word0005" custom="readingOrder {index:5;}">
          <Coords points="1341,2110 1438,2111 1438,2144 1341,2143"/>
          <TextEquiv conf="0.9255194">
            <Unicode>mans</Unicode>
          </TextEquiv>
        </Word>
        <Word id="region0014_line0015_word0006" custom="readingOrder {index:6;}">
          <Coords points="1471,2106 1468,2108 1450,2108 1448,2107 1448,2150 1482,2150 1530,2150 1530,2106 1513,2107 1511,2106 1493,2106 1487,2108 1484,2106"/>
          <TextEquiv conf="0.9270962">
            <Unicode>nicht</Unicode>
          </TextEquiv>
        </Word>
        <TextEquiv>
          <Unicode>Paulus zulaͤßt und verbeut, daß mans nicht</Unicode>
        </TextEquiv>
      </TextLine>
      <TextLine id="region0014_line0016" custom="readingOrder {index:15;}">
        <Coords points="757,2125 740,2135 741,2145 730,2153 730,2199 736,2203 744,2202 751,2197 834,2200 881,2198 891,2195 906,2198 999,2196 1019,2202 1033,2198 1036,2205 1048,2199 1080,2197 1124,2197 1128,2201 1139,2197 1167,2201 1214,2201 1233,2198 1239,2202 1253,2198 1269,2199 1274,2202 1413,2201 1475,2206 1496,2201 1511,2201 1515,2204 1540,2203 1540,2158 1514,2158 1493,2152 1448,2152 1411,2158 1382,2158 1372,2151 1353,2153 1345,2149 1326,2150 1315,2156 1239,2151 1228,2154 1224,2150 1199,2155 1131,2154 1086,2149 1026,2154 899,2153 873,2149 843,2153 796,2154 789,2150 767,2150 770,2138 763,2126"/>
        <Baseline points="730,2188 1540,2191"/>
        <Word id="region0014_line0016_word0000" custom="readingOrder {index:0;}">
          <Coords points="738,2189 807,2189 807,2153 796,2154 789,2150 767,2150 767,2160 760,2148 757,2145 740,2155 741,2145 738,2147"/>
          <TextEquiv conf="0.5457101">
            <Unicode>ſolle</Unicode>
          </TextEquiv>
        </Word>
        <Word id="region0014_line0016_word0001" custom="readingOrder {index:1;}">
          <Coords points="820,2187 1048,2188 1048,2152 1026,2154 899,2153 873,2149 843,2153 820,2153"/>
          <TextEquiv>
            <Unicode>verdammen;</Unicode>
          </TextEquiv>
        </Word>
        <Word id="region0014_line0016_word0002" custom="readingOrder {index:2;}">
          <Coords points="1080,2185 1159,2185 1159,2154 1131,2154 1086,2149 1080,2149"/>
          <TextEquiv conf="0.9104332">
            <Unicode>dazu</Unicode>
          </TextEquiv>
        </Word>
        <Word id="region0014_line0016_word0003" custom="readingOrder {index:3;}">
          <Coords points="1181,2179 1248,2179 1248,2151 1239,2151 1228,2154 1224,2150 1199,2155 1181,2154"/>
          <TextEquiv conf="0.9316613">
            <Unicode>will</Unicode>
          </TextEquiv>
        </Word>
        <Word id="region0014_line0016_word0004" custom="readingOrder {index:4;}">
          <Coords points="1272,2179 1305,2179 1305,2155 1272,2153"/>
          <TextEquiv conf="0.92980796">
            <Unicode>er</Unicode>
          </TextEquiv>
        </Word>
        <Word id="region0014_line0016_word0005" custom="readingOrder {index:5;}">
          <Coords points="1326,2187 1432,2188 1432,2162 1410,2166 1381,2166 1371,2159 1352,2161 1344,2157 1326,2157"/>
          <TextEquiv conf="0.93061906">
            <Unicode>keinen</Unicode>
          </TextEquiv>
        </Word>
        <Word id="region0014_line0016_word0006" custom="readingOrder {index:6;}">
          <Coords points="1457,2189 1527,2189 1527,2164 1514,2164 1493,2158 1457,2158"/>
          <TextEquiv>
            <Unicode>Ge⸗</Unicode>
          </TextEquiv>
        </Word>
        <TextEquiv>
          <Unicode>ſolle verdammen; dazu will er keinen Ge⸗</Unicode>
        </TextEquiv>
      </TextLine>
      <TextLine id="region0014_line0017" custom="readingOrder {index:16;}">
        <Coords points="891,2196 878,2200 833,2204 765,2203 759,2198 751,2198 740,2204 730,2203 730,2249 748,2252 761,2248 790,2250 819,2245 892,2252 902,2247 929,2244 994,2246 1014,2244 1031,2246 1039,2251 1050,2249 1078,2254 1111,2251 1116,2255 1195,2252 1201,2249 1215,2252 1284,2251 1293,2248 1314,2250 1322,2257 1334,2252 1419,2254 1433,2260 1446,2254 1465,2255 1471,2252 1502,2258 1514,2255 1540,2255 1540,2205 1515,2205 1511,2202 1496,2202 1479,2207 1413,2202 1360,2205 1304,2205 1259,2199 1245,2203 1225,2199 1212,2203 1177,2204 1146,2198 1132,2202 1124,2198 1080,2198 1048,2200 1036,2206 1033,2199 1018,2204 1007,2203 999,2197 975,2201 937,2197 906,2199"/>
        <Baseline points="730,2240 1021,2235 1099,2244 1540,2245"/>
        <Word id="region0014_line0017_word0000" custom="readingOrder {index:0;}">
          <Coords points="814,2209 738,2209 738,2250 748,2252 761,2248 790,2250 814,2245"/>
          <TextEquiv>
            <Unicode>ſang</Unicode>
          </TextEquiv>
        </Word>
        <Word id="region0014_line0017_word0001" custom="readingOrder {index:1;}">
          <Coords points="906,2208 831,2208 831,2246 892,2252 902,2247 906,2246"/>
          <TextEquiv conf="0.91576713">
            <Unicode>noch</Unicode>
          </TextEquiv>
        </Word>
        <Word id="region0014_line0017_word0002" custom="readingOrder {index:2;}">
          <Coords points="1079,2210 925,2209 925,2244 929,2244 994,2246 1014,2244 1031,2246 1039,2251 1050,2249 1078,2254 1078,2254 1079,2254"/>
          <TextEquiv conf="0.91632825">
            <Unicode>lateiniſch</Unicode>
          </TextEquiv>
        </Word>
        <Word id="region0014_line0017_word0003" custom="readingOrder {index:3;}">
          <Coords points="1205,2210 1090,2210 1090,2252 1100,2252 1111,2251 1112,2252 1195,2252 1201,2249 1205,2249"/>
          <TextEquiv conf="0.92766416">
            <Unicode>Wort</Unicode>
          </TextEquiv>
        </Word>
        <Word id="region0014_line0017_word0004" custom="readingOrder {index:4;}">
          <Coords points="1331,2210 1220,2210 1220,2251 1284,2251 1293,2248 1314,2250 1318,2254 1329,2254 1331,2253"/>
          <TextEquiv conf="0.925408">
            <Unicode>leiden,</Unicode>
          </TextEquiv>
        </Word>
        <Word id="word_1657186411131_884" custom="readingOrder {index:5;}">
          <Coords points="1356,2209 1424,2209 1424,2256 1419,2254 1356,2252"/>
          <TextEquiv>
            <Unicode>und</Unicode>
          </TextEquiv>
        </Word>
        <Word id="word_1657186411131_883" custom="readingOrder {index:6;}">
          <Coords points="1424,2209 1529,2210 1529,2255 1514,2255 1502,2257 1501,2257 1471,2252 1465,2255 1446,2254 1438,2257 1426,2257 1424,2256"/>
          <TextEquiv>
            <Unicode>zeucht</Unicode>
          </TextEquiv>
        </Word>
        <TextEquiv>
          <Unicode>ſang noch lateiniſch Wort leiden, und zeucht</Unicode>
        </TextEquiv>
      </TextLine>
      <TextLine id="region0014_line0018" custom="readingOrder {index:17;}">
        <Coords points="1011,2244 994,2247 929,2245 902,2248 892,2253 819,2246 780,2252 773,2249 752,2250 748,2253 730,2250 729,2301 782,2300 787,2297 871,2299 892,2296 906,2299 963,2297 994,2301 1011,2299 1016,2304 1081,2300 1137,2302 1198,2299 1223,2302 1235,2299 1289,2309 1315,2305 1325,2298 1420,2304 1511,2304 1523,2300 1539,2303 1540,2258 1502,2259 1471,2253 1433,2261 1422,2257 1322,2258 1307,2249 1288,2250 1278,2257 1215,2253 1209,2250 1195,2253 1116,2256 1111,2252 1082,2255 1050,2250 1039,2252 1031,2247"/>
        <Baseline points="729,2291 824,2285 1539,2292"/>
        <Word id="region0014_line0018_word0000" custom="readingOrder {index:0;}">
          <Coords points="738,2257 787,2257 786,2295 737,2295"/>
          <TextEquiv conf="0.93100977">
            <Unicode>die</Unicode>
          </TextEquiv>
        </Word>
        <Word id="region0014_line0018_word0001" custom="readingOrder {index:1;}">
          <Coords points="805,2256 895,2256 894,2296 804,2296"/>
          <TextEquiv>
            <Unicode>Lehre</Unicode>
          </TextEquiv>
        </Word>
        <Word id="region0014_line0018_word0002" custom="readingOrder {index:2;}">
          <Coords points="982,2298 983,2255 910,2255 909,2298 934,2298 963,2297 970,2298"/>
          <TextEquiv conf="0.9234178">
            <Unicode>St.</Unicode>
          </TextEquiv>
        </Word>
        <Word id="region0014_line0018_word0003" custom="readingOrder {index:3;}">
          <Coords points="1001,2254 1000,2300 1011,2299 1013,2301 1056,2301 1081,2300 1107,2300 1108,2255 1084,2254 1082,2255 1080,2254"/>
          <TextEquiv conf="0.92103595">
            <Unicode>Pauli</Unicode>
          </TextEquiv>
        </Word>
        <Word id="region0014_line0018_word0004" custom="readingOrder {index:4;}">
          <Coords points="1123,2266 1187,2266 1186,2296 1122,2296"/>
          <TextEquiv conf="0.92226464">
            <Unicode>von</Unicode>
          </TextEquiv>
        </Word>
        <Word id="region0014_line0018_word0005" custom="readingOrder {index:5;}">
          <Coords points="1202,2257 1272,2257 1271,2294 1201,2294"/>
          <TextEquiv conf="0.91973823">
            <Unicode>dem</Unicode>
          </TextEquiv>
        </Word>
        <Word id="region0014_line0018_word0006" custom="readingOrder {index:6;}">
          <Coords points="1286,2255 1285,2304 1316,2304 1325,2298 1420,2304 1420,2304 1421,2257 1322,2258 1317,2255"/>
          <TextEquiv conf="0.92745966">
            <Unicode>Zungen</Unicode>
          </TextEquiv>
        </Word>
        <Word id="region0014_line0018_word0007" custom="readingOrder {index:7;}">
          <Coords points="1442,2259 1436,2260 1436,2296 1528,2296 1529,2259 1502,2259"/>
          <TextEquiv>
            <Unicode>reden</Unicode>
          </TextEquiv>
        </Word>
        <TextEquiv>
          <Unicode>die Lehre St. Pauli von dem Zungen reden</Unicode>
        </TextEquiv>
      </TextLine>
      <TextLine id="region0014_line0019" custom="readingOrder {index:18;}">
        <Coords points="892,2297 883,2298 879,2302 787,2298 782,2301 729,2304 729,2350 839,2350 848,2343 858,2343 866,2348 877,2348 880,2353 887,2354 896,2344 912,2344 925,2349 975,2348 988,2345 1008,2349 1031,2350 1039,2342 1043,2342 1049,2347 1050,2354 1059,2354 1066,2347 1095,2346 1150,2352 1174,2349 1181,2352 1252,2351 1280,2355 1310,2350 1333,2352 1344,2349 1384,2352 1421,2349 1481,2355 1508,2352 1518,2359 1539,2356 1539,2304 1531,2301 1519,2302 1512,2307 1476,2308 1384,2302 1347,2304 1340,2299 1325,2299 1315,2306 1289,2310 1279,2307 1247,2307 1235,2300 1223,2303 1190,2300 1134,2305 1016,2305 1011,2300 994,2302 963,2298 906,2300"/>
        <Baseline points="729,2339 904,2332 1539,2344"/>
        <Word id="region0014_line0019_word0000" custom="readingOrder {index:0;}">
          <Coords points="736,2308 819,2308 819,2347 736,2347"/>
          <TextEquiv conf="0.8870482">
            <Unicode>nicht</Unicode>
          </TextEquiv>
        </Word>
        <Word id="region0014_line0019_word0001" custom="readingOrder {index:1;}">
          <Coords points="915,2309 837,2309 837,2350 839,2350 848,2343 858,2343 866,2348 877,2348 880,2353 887,2354 896,2344 912,2344 915,2345"/>
          <TextEquiv conf="0.9224284">
            <Unicode>aufs</Unicode>
          </TextEquiv>
        </Word>
        <Word id="region0014_line0019_word0002" custom="readingOrder {index:2;}">
          <Coords points="1146,2351 1146,2310 931,2309 931,2348 975,2348 988,2345 1008,2349 1031,2350 1039,2342 1043,2342 1049,2347 1049,2350 1062,2350 1066,2347 1095,2346 1140,2350"/>
          <TextEquiv conf="0.85354125">
            <Unicode>Predigtamt</Unicode>
          </TextEquiv>
        </Word>
        <Word id="region0014_line0019_word0003" custom="readingOrder {index:3;}">
          <Coords points="1163,2309 1163,2350 1174,2349 1181,2352 1252,2351 1266,2353 1292,2353 1293,2352 1293,2309 1289,2310 1285,2309"/>
          <TextEquiv conf="0.92754495">
            <Unicode>alleine,</Unicode>
          </TextEquiv>
        </Word>
        <Word id="region0014_line0019_word0004" custom="readingOrder {index:4;}">
          <Coords points="1453,2308 1320,2307 1320,2350 1333,2352 1344,2349 1384,2352 1421,2349 1453,2352"/>
          <TextEquiv conf="0.9234285">
            <Unicode>ſondern</Unicode>
          </TextEquiv>
        </Word>
        <Word id="region0014_line0019_word0005" custom="readingOrder {index:5;}">
          <Coords points="1533,2356 1533,2309 1469,2309 1469,2353 1481,2355 1508,2352 1513,2356"/>
          <TextEquiv conf="0.92200774">
            <Unicode>auf</Unicode>
          </TextEquiv>
        </Word>
        <TextEquiv conf="0.90599984">
          <Unicode>nicht aufs Predigtamt alleine, ſondern auf</Unicode>
        </TextEquiv>
      </TextLine>
      <TextLine id="region0014_line0020" custom="readingOrder {index:19;}">
        <Coords points="1039,2343 1031,2354 993,2346 925,2350 912,2345 896,2345 887,2355 883,2355 867,2353 866,2349 858,2344 848,2344 838,2353 768,2349 730,2352 729,2401 818,2396 903,2405 953,2400 963,2396 988,2401 1000,2398 1055,2397 1096,2404 1121,2404 1130,2400 1155,2399 1164,2403 1193,2404 1207,2408 1245,2405 1369,2405 1489,2408 1495,2414 1506,2414 1513,2408 1539,2408 1539,2357 1518,2360 1508,2353 1481,2356 1421,2350 1385,2352 1369,2357 1361,2356 1355,2350 1344,2350 1339,2353 1310,2351 1288,2356 1252,2352 1183,2356 1178,2351 1168,2350 1161,2353 1160,2357 1146,2357 1140,2350 1123,2350 1118,2353 1111,2348 1095,2347 1066,2348 1059,2355 1050,2355 1048,2347"/>
        <Baseline points="729,2389 814,2384 869,2391 1043,2388 1539,2399"/>
        <Word id="region0014_line0020_word0000" custom="readingOrder {index:0;}">
          <Coords points="817,2361 734,2361 734,2399 764,2399 817,2396"/>
          <TextEquiv conf="0.9181463">
            <Unicode>allen</Unicode>
          </TextEquiv>
        </Word>
        <Word id="region0014_line0020_word0001" custom="readingOrder {index:1;}">
          <Coords points="843,2348 841,2350 841,2398 896,2404 909,2404 953,2400 963,2396 988,2401 1000,2398 1044,2397 1044,2349 1034,2348 1031,2354 1006,2348 949,2348 925,2350 920,2348 893,2348 887,2355 883,2355 867,2353 866,2349 864,2348"/>
          <TextEquiv conf="0.5036818">
            <Unicode>aͤuſſerlichen</Unicode>
          </TextEquiv>
        </Word>
        <Word id="region0014_line0020_word0002" custom="readingOrder {index:2;}">
          <Coords points="1066,2357 1066,2398 1096,2404 1121,2404 1130,2400 1155,2399 1164,2403 1193,2404 1218,2404 1218,2357 1160,2357 1146,2357"/>
          <TextEquiv conf="0.93046033">
            <Unicode>Schein,</Unicode>
          </TextEquiv>
        </Word>
        <Word id="region0014_line0020_word0003" custom="readingOrder {index:3;}">
          <Coords points="1243,2361 1286,2361 1286,2400 1243,2400"/>
          <TextEquiv conf="0.92922">
            <Unicode>da</Unicode>
          </TextEquiv>
        </Word>
        <Word id="region0014_line0020_word0004" custom="readingOrder {index:4;}">
          <Coords points="1309,2358 1392,2359 1392,2400 1309,2399"/>
          <TextEquiv conf="0.92819476">
            <Unicode>keine</Unicode>
          </TextEquiv>
        </Word>
        <Word id="region0014_line0020_word0005" custom="readingOrder {index:5;}">
          <Coords points="1407,2358 1407,2405 1449,2407 1530,2407 1530,2358 1518,2360 1515,2358"/>
          <TextEquiv conf="0.92694175">
            <Unicode>Macht</Unicode>
          </TextEquiv>
        </Word>
        <TextEquiv conf="0.8561075">
          <Unicode>allen aͤuſſerlichen Schein, da keine Macht</Unicode>
        </TextEquiv>
      </TextLine>
      <TextLine id="region0014_line0021" custom="readingOrder {index:20;}">
        <Coords points="963,2397 949,2405 903,2406 843,2401 796,2406 792,2400 784,2399 778,2401 774,2408 751,2405 729,2407 729,2451 790,2452 820,2458 863,2458 906,2451 949,2452 955,2458 965,2458 971,2452 1002,2451 1050,2456 1127,2454 1130,2459 1134,2459 1149,2458 1151,2454 1213,2454 1218,2449 1216,2409 1164,2404 1155,2400 1130,2401 1121,2405 1096,2405 1055,2398 979,2405 978,2400"/>
        <Baseline points="729,2442 1218,2444"/>
        <Word id="region0014_line0021_word0000" custom="readingOrder {index:0;}">
          <Coords points="865,2454 865,2411 734,2411 734,2451 790,2452 800,2454"/>
          <TextEquiv>
            <Unicode>anliegt,</Unicode>
          </TextEquiv>
        </Word>
        <Word id="region0014_line0021_word0001" custom="readingOrder {index:1;}">
          <Coords points="879,2416 940,2416 940,2448 879,2448"/>
          <TextEquiv conf="0.93179595">
            <Unicode>wie</Unicode>
          </TextEquiv>
        </Word>
        <Word id="region0014_line0021_word0002" custom="readingOrder {index:2;}">
          <Coords points="1033,2409 955,2408 955,2455 967,2455 971,2452 1002,2451 1033,2454"/>
          <TextEquiv conf="0.7363459">
            <Unicode>ſeine</Unicode>
          </TextEquiv>
        </Word>
        <Word id="region0014_line0021_word0003" custom="readingOrder {index:3;}">
          <Coords points="1047,2408 1111,2408 1111,2453 1047,2453"/>
          <TextEquiv conf="0.91778255">
            <Unicode>Art</Unicode>
          </TextEquiv>
        </Word>
        <Word id="region0014_line0021_word0004" custom="readingOrder {index:4;}">
          <Coords points="1172,2411 1126,2411 1126,2454 1127,2454 1130,2459 1134,2459 1149,2458 1151,2454 1172,2454"/>
          <TextEquiv conf="0.9301829">
            <Unicode>iſt.</Unicode>
          </TextEquiv>
        </Word>
        <TextEquiv>
          <Unicode>anliegt, wie ſeine Art iſt.</Unicode>
        </TextEquiv>
      </TextLine>
      <TextEquiv>
        <Unicode>169. Daher die Gewohnheit in allen Lan⸗&#13;
den blieben, daß man das Evangelium hart&#13;
vor der Predigt zu lateiniſch lieſet; welches&#13;
heiſſet St. Paulus mit Zungen reden in der&#13;
Gemeine. Aber weil die Predigt drauf&#13;
bald gehet, und die Zunge verdeutſch und&#13;
ausleget, das verwirft noch verbeut St.&#13;
Paulus nicht; warum ſollt ichs denn oder&#13;
jemand verdammen? Ja wollte GOtt es ge⸗&#13;
ſchaͤhe ſolcher Ordnung St. Pauli allent⸗&#13;
halben gnug, daß man dem lateiniſchen Ev⸗&#13;
angelio nichts anders nachpredigte denn&#13;
deſſelben Auslegung. Nun will dieſer&#13;
Schwaͤrmergeiſt alles verdammen was St.&#13;
Paulus zulaͤßt und verbeut, daß mans nicht&#13;
ſolle verdammen; dazu will er keinen Ge⸗&#13;
ſang noch lateiniſch Wort leiden, und zeucht&#13;
die Lehre St. Pauli von dem Zungen reden&#13;
nicht aufs Predigtamt alleine, ſondern auf&#13;
allen aͤuſſerlichen Schein, da keine Macht&#13;
anliegt, wie ſeine Art iſt.</Unicode>
      </TextEquiv>
    </TextRegion>
    <TextRegion orientation="-0.16283633" readingDirection="left-to-right" id="region0015" custom="readingOrder {index:2;}">
      <Coords points="1537,351 2353,351 2353,1868 1537,1868"/>
      <TextLine id="region0015_line0001" custom="readingOrder {index:0;}">
        <Coords points="1685,351 1679,358 1669,360 1553,360 1548,365 1548,396 1553,401 1569,400 1581,403 1640,405 1651,401 1672,401 1686,405 1704,402 1715,407 1753,404 1759,408 1807,407 1843,402 1893,408 1920,405 1927,409 1966,410 1971,413 1985,413 2008,407 2079,411 2121,407 2126,410 2174,411 2183,417 2191,417 2198,412 2209,414 2218,409 2228,408 2244,412 2279,410 2283,413 2353,413 2353,358 2349,356 2320,363 2312,363 2306,357 2297,357 2289,367 2258,367 2201,365 2199,359 2192,355 2178,356 2167,364 2094,360 2089,357 2066,357 2060,361 2043,362 1992,361 1985,353 1963,357 1956,353 1947,353 1938,361 1924,360 1915,352 1901,352 1893,358 1865,357 1860,353 1851,353 1846,357 1816,355 1813,351"/>
        <Baseline points="1548,391 2353,402"/>
        <Word id="region0015_line0001_word0000" custom="readingOrder {index:0;}">
          <Coords points="1695,375 1619,375 1619,404 1640,405 1651,401 1672,401 1686,405 1695,403"/>
          <TextEquiv conf="0.9275545">
            <Unicode>170.</Unicode>
          </TextEquiv>
        </Word>
        <Word id="region0015_line0001_word0001" custom="readingOrder {index:1;}">
          <Coords points="1833,364 1724,363 1724,406 1753,404 1759,408 1807,407 1833,403"/>
          <TextEquiv conf="0.91948897">
            <Unicode>Nicht</Unicode>
          </TextEquiv>
        </Word>
        <Word id="region0015_line0001_word0002" custom="readingOrder {index:2;}">
          <Coords points="1916,365 1853,365 1853,403 1893,408 1916,405"/>
          <TextEquiv conf="0.93115675">
            <Unicode>daß</Unicode>
          </TextEquiv>
        </Word>
        <Word id="region0015_line0001_word0003" custom="readingOrder {index:3;}">
          <Coords points="1945,365 1990,365 1990,409 1945,409"/>
          <TextEquiv conf="0.9248385">
            <Unicode>ich</Unicode>
          </TextEquiv>
        </Word>
        <Word id="region0015_line0001_word0004" custom="readingOrder {index:4;}">
          <Coords points="2014,368 2105,368 2105,405 2014,405"/>
          <TextEquiv conf="0.9223483">
            <Unicode>wolle</Unicode>
          </TextEquiv>
        </Word>
        <Word id="region0015_line0001_word0005" custom="readingOrder {index:5;}">
          <Coords points="2127,364 2127,410 2174,411 2175,411 2213,412 2218,409 2228,408 2244,412 2245,412 2254,411 2254,367 2201,365 2201,365"/>
          <TextEquiv conf="0.9257371">
            <Unicode>wehren</Unicode>
          </TextEquiv>
        </Word>
        <Word id="region0015_line0001_word0006" custom="readingOrder {index:6;}">
          <Coords points="2277,406 2348,406 2348,365 2290,365 2289,367 2277,367"/>
          <TextEquiv conf="0.9305057">
            <Unicode>eitel</Unicode>
          </TextEquiv>
        </Word>
        <TextEquiv conf="0.9259471">
          <Unicode>170. Nicht daß ich wolle wehren eitel</Unicode>
        </TextEquiv>
      </TextLine>
      <TextLine id="region0015_line0002" custom="readingOrder {index:1;}">
        <Coords points="1556,401 1538,402 1538,455 1575,455 1583,451 1596,454 1617,452 1623,456 1658,456 1667,460 1678,456 1697,456 1704,452 1742,455 1802,453 1810,457 1882,459 1892,463 1916,458 1950,462 1966,456 1976,460 2103,462 2108,465 2122,458 2134,458 2139,462 2165,463 2173,467 2207,459 2226,461 2269,458 2274,461 2311,464 2353,463 2353,416 2285,415 2279,411 2243,415 2242,412 2232,409 2218,410 2211,415 2191,418 2176,414 2128,413 2121,408 2077,414 2027,413 2022,408 2008,408 1999,413 1971,414 1928,411 1920,406 1893,409 1843,403 1807,408 1759,409 1753,405 1713,408 1704,403 1690,406 1679,406 1672,402 1651,402 1640,406 1595,406"/>
        <Baseline points="1538,444 2353,452"/>
        <Word id="region0015_line0002_word0000" custom="readingOrder {index:0;}">
          <Coords points="1679,414 1559,414 1559,455 1575,455 1583,451 1596,454 1617,452 1623,456 1658,456 1667,460 1678,456 1679,456"/>
          <TextEquiv conf="0.92803025">
            <Unicode>deutſch</Unicode>
          </TextEquiv>
        </Word>
        <Word id="region0015_line0002_word0001" custom="readingOrder {index:1;}">
          <Coords points="1726,415 1694,415 1694,455 1698,455 1704,452 1726,453"/>
          <TextEquiv conf="0.9203924">
            <Unicode>in</Unicode>
          </TextEquiv>
        </Word>
        <Word id="region0015_line0002_word0002" custom="readingOrder {index:2;}">
          <Coords points="1799,418 1746,418 1746,454 1799,453"/>
          <TextEquiv conf="0.9203924">
            <Unicode>der</Unicode>
          </TextEquiv>
        </Word>
        <Word id="region0015_line0002_word0003" custom="readingOrder {index:3;}">
          <Coords points="1928,416 1820,415 1820,457 1882,459 1892,463 1916,458 1928,459"/>
          <TextEquiv conf="0.9270921">
            <Unicode>Meſſe</Unicode>
          </TextEquiv>
        </Word>
        <Word id="region0015_line0002_word0004" custom="readingOrder {index:4;}">
          <Coords points="1985,425 1948,425 1948,461 1950,462 1966,456 1976,460 1985,460"/>
          <TextEquiv conf="0.9297903">
            <Unicode>zu</Unicode>
          </TextEquiv>
        </Word>
        <Word id="region0015_line0002_word0005" custom="readingOrder {index:5;}">
          <Coords points="2008,414 2008,460 2103,462 2107,464 2108,464 2122,458 2134,458 2139,462 2165,463 2168,464 2181,464 2186,463 2186,416 2179,414"/>
          <TextEquiv conf="0.92994696">
            <Unicode>brauchen;</Unicode>
          </TextEquiv>
        </Word>
        <Word id="region0015_line0002_word0006" custom="readingOrder {index:6;}">
          <Coords points="2347,461 2347,416 2216,416 2216,459 2226,461 2269,458 2274,461"/>
          <TextEquiv conf="0.93078303">
            <Unicode>ſondern</Unicode>
          </TextEquiv>
        </Word>
        <TextEquiv conf="0.92663246">
          <Unicode>deutſch in der Meſſe zu brauchen; ſondern</Unicode>
        </TextEquiv>
      </TextLine>
      <TextLine id="region0015_line0003" custom="readingOrder {index:2;}">
        <Coords points="1583,452 1574,457 1538,458 1538,501 1592,500 1604,501 1610,505 1624,503 1723,507 1783,506 1794,503 1805,507 1851,510 1861,514 1873,510 1935,506 1946,506 1949,509 1979,507 2013,511 2032,507 2048,511 2107,511 2117,508 2124,514 2157,506 2197,514 2245,514 2256,511 2267,511 2272,514 2279,511 2299,514 2353,512 2353,465 2344,463 2311,465 2274,462 2269,459 2226,462 2207,460 2173,468 2166,465 2140,464 2134,459 2122,459 2112,466 1988,463 1966,457 1950,463 1916,459 1892,464 1883,461 1810,458 1802,454 1742,456 1704,453 1697,457 1667,461 1658,457 1638,459 1631,456 1623,457 1617,453 1596,455"/>
        <Baseline points="1538,492 2353,501"/>
        <Word id="region0015_line0003_word0000" custom="readingOrder {index:0;}">
          <Coords points="1639,464 1557,464 1557,500 1592,500 1604,501 1610,505 1624,503 1639,503"/>
          <TextEquiv conf="0.92106265">
            <Unicode>nicht</Unicode>
          </TextEquiv>
        </Word>
        <Word id="region0015_line0003_word0001" custom="readingOrder {index:1;}">
          <Coords points="1733,506 1733,466 1666,466 1666,504 1698,506"/>
          <TextEquiv conf="0.92556083">
            <Unicode>will</Unicode>
          </TextEquiv>
        </Word>
        <Word id="region0015_line0003_word0002" custom="readingOrder {index:2;}">
          <Coords points="1871,466 1755,465 1755,506 1783,506 1794,503 1805,507 1851,510 1858,512 1864,512 1871,510"/>
          <TextEquiv conf="0.9250385">
            <Unicode>leiden,</Unicode>
          </TextEquiv>
        </Word>
        <Word id="region0015_line0003_word0003" custom="readingOrder {index:3;}">
          <Coords points="1969,465 1904,465 1904,508 1935,506 1946,506 1949,509 1969,507"/>
          <TextEquiv conf="0.93041974">
            <Unicode>daß</Unicode>
          </TextEquiv>
        </Word>
        <Word id="region0015_line0003_word0004" custom="readingOrder {index:4;}">
          <Coords points="1990,474 2069,474 2069,505 1990,505"/>
          <TextEquiv conf="0.9296741">
            <Unicode>man</Unicode>
          </TextEquiv>
        </Word>
        <Word id="region0015_line0003_word0005" custom="readingOrder {index:5;}">
          <Coords points="2113,465 2112,466 2097,465 2097,511 2107,511 2117,508 2121,512 2132,512 2157,506 2176,509 2176,467 2173,468 2166,465"/>
          <TextEquiv conf="0.93008584">
            <Unicode>ohne</Unicode>
          </TextEquiv>
        </Word>
        <Word id="region0015_line0003_word0006" custom="readingOrder {index:6;}">
          <Coords points="2199,466 2345,466 2345,510 2199,510"/>
          <TextEquiv conf="0.9158008">
            <Unicode>GOttes</Unicode>
          </TextEquiv>
        </Word>
        <TextEquiv conf="0.9253775">
          <Unicode>nicht will leiden, daß man ohne GOttes</Unicode>
        </TextEquiv>
      </TextLine>
      <TextLine id="region0015_line0004" custom="readingOrder {index:3;}">
        <Coords points="1580,501 1538,502 1537,554 1571,552 1579,556 1600,558 1625,557 1635,552 1648,556 1660,556 1668,552 1715,552 1723,556 1732,556 1756,555 1771,551 1784,552 1802,562 1822,557 1911,556 1924,562 2011,561 2019,565 2028,564 2040,557 2055,560 2078,557 2091,561 2153,565 2171,564 2180,559 2191,559 2196,563 2210,559 2242,564 2317,563 2324,560 2352,562 2353,515 2343,513 2299,515 2279,512 2272,515 2267,512 2256,512 2245,515 2196,515 2157,507 2124,515 2117,509 2107,512 2071,513 2048,512 2037,508 2007,512 1979,508 1949,510 1946,507 1935,507 1870,512 1861,515 1853,512 1806,510 1803,506 1794,504 1775,510 1754,506 1742,506 1737,509 1674,506 1658,508 1624,504 1610,506 1604,502"/>
        <Baseline points="1537,544 2352,551"/>
        <Word id="region0015_line0004_word0000" custom="readingOrder {index:0;}">
          <Coords points="1673,514 1557,514 1556,552 1571,552 1579,556 1600,558 1625,557 1635,552 1648,556 1660,556 1668,552 1672,552"/>
          <TextEquiv conf="0.92623675">
            <Unicode>Wort</Unicode>
          </TextEquiv>
        </Word>
        <Word id="region0015_line0004_word0001" custom="readingOrder {index:1;}">
          <Coords points="1753,553 1754,517 1689,517 1688,552 1715,552 1717,553"/>
          <TextEquiv conf="0.9249055">
            <Unicode>aus</Unicode>
          </TextEquiv>
        </Word>
        <Word id="region0015_line0004_word0002" custom="readingOrder {index:2;}">
          <Coords points="1771,514 1770,551 1771,551 1784,552 1799,560 1809,560 1822,557 1909,556 1910,515 1862,515 1861,515 1860,515"/>
          <TextEquiv conf="0.9247455">
            <Unicode>eigenem</Unicode>
          </TextEquiv>
        </Word>
        <Word id="region0015_line0004_word0003" custom="readingOrder {index:3;}">
          <Coords points="2045,515 1928,515 1927,561 2011,561 2015,563 2029,563 2040,557 2044,557"/>
          <TextEquiv conf="0.92997885">
            <Unicode>Durſt</Unicode>
          </TextEquiv>
        </Word>
        <Word id="region0015_line0004_word0004" custom="readingOrder {index:4;}">
          <Coords points="2066,517 2133,517 2132,556 2065,556"/>
          <TextEquiv conf="0.932512">
            <Unicode>und</Unicode>
          </TextEquiv>
        </Word>
        <Word id="region0015_line0004_word0005" custom="readingOrder {index:5;}">
          <Coords points="2147,513 2146,558 2263,559 2264,514 2249,513 2245,515 2196,515 2187,513"/>
          <TextEquiv conf="0.92983955">
            <Unicode>Frevel</Unicode>
          </TextEquiv>
        </Word>
        <Word id="region0015_line0004_word0006" custom="readingOrder {index:6;}">
          <Coords points="2281,518 2344,518 2343,557 2280,557"/>
          <TextEquiv conf="0.92983955">
            <Unicode>das</Unicode>
          </TextEquiv>
        </Word>
        <TextEquiv conf="0.92829394">
          <Unicode>Wort aus eigenem Durſt und Frevel das</Unicode>
        </TextEquiv>
      </TextLine>
      <TextLine id="region0015_line0005" custom="readingOrder {index:4;}">
        <Coords points="1770,552 1752,558 1722,558 1715,553 1668,553 1654,559 1640,553 1624,559 1584,558 1571,553 1537,555 1537,603 1582,601 1600,604 1618,599 1626,605 1656,603 1681,611 1693,607 1705,611 1714,611 1722,607 1765,608 1776,604 1784,604 1790,608 1827,609 1843,605 1858,613 1872,612 1884,605 1903,605 1910,609 1932,606 1938,609 1977,612 2012,607 2026,611 2058,612 2064,616 2076,615 2081,611 2104,611 2116,607 2128,607 2133,610 2146,608 2151,611 2200,608 2207,612 2251,611 2264,615 2284,610 2312,614 2352,613 2352,564 2328,561 2289,566 2245,566 2238,563 2219,566 2210,560 2196,564 2191,560 2180,560 2171,565 2153,566 2131,563 2092,564 2088,560 2078,558 2056,563 2049,558 2040,558 2028,565 2019,566 2012,563 1924,563 1908,557 1887,559 1885,562 1817,560 1802,563 1784,553"/>
        <Baseline points="1537,593 2352,603"/>
        <Word id="region0015_line0005_word0000" custom="readingOrder {index:0;}">
          <Coords points="1739,563 1556,563 1556,602 1582,601 1600,604 1618,599 1626,605 1656,603 1677,610 1684,610 1693,607 1702,610 1716,610 1722,607 1739,607"/>
          <TextEquiv conf="0.92150235">
            <Unicode>Lateiniſche</Unicode>
          </TextEquiv>
        </Word>
        <Word id="region0015_line0005_word0001" custom="readingOrder {index:1;}">
          <Coords points="1754,562 1754,608 1765,608 1776,604 1784,604 1790,608 1827,609 1843,605 1853,610 1874,611 1884,605 1903,605 1910,609 1932,606 1938,609 1963,611 1973,611 1973,563 1924,563 1923,563 1806,562 1802,563 1801,562"/>
          <TextEquiv conf="0.9226432">
            <Unicode>Evangelium</Unicode>
          </TextEquiv>
        </Word>
        <Word id="region0015_line0005_word0002" custom="readingOrder {index:2;}">
          <Coords points="2020,574 1985,574 1985,610 2012,607 2020,609"/>
          <TextEquiv conf="0.9226432">
            <Unicode>zu</Unicode>
          </TextEquiv>
        </Word>
        <Word id="region0015_line0005_word0003" custom="readingOrder {index:3;}">
          <Coords points="2114,565 2037,565 2037,611 2081,611 2104,611 2114,607"/>
          <TextEquiv conf="0.9273381">
            <Unicode>leſen</Unicode>
          </TextEquiv>
        </Word>
        <Word id="region0015_line0005_word0004" custom="readingOrder {index:4;}">
          <Coords points="2129,563 2123,563 2123,607 2128,607 2133,610 2146,608 2151,611 2200,608 2206,612 2221,612 2251,611 2254,612 2268,612 2268,566 2245,566 2240,564 2233,564 2219,566 2215,564 2198,564 2196,564 2195,563 2174,563 2171,565 2153,566 2131,563"/>
          <TextEquiv conf="0.9281121">
            <Unicode>verbiete,</Unicode>
          </TextEquiv>
        </Word>
        <Word id="region0015_line0005_word0005" custom="readingOrder {index:5;}">
          <Coords points="2276,566 2345,566 2345,605 2276,605"/>
          <TextEquiv conf="0.92914957">
            <Unicode>und</Unicode>
          </TextEquiv>
        </Word>
        <TextEquiv conf="0.9252314">
          <Unicode>Lateiniſche Evangelium zu leſen verbiete, und</Unicode>
        </TextEquiv>
      </TextLine>
      <TextLine id="region0015_line0006" custom="readingOrder {index:5;}">
        <Coords points="1612,600 1600,605 1582,602 1537,604 1537,652 1612,656 1719,657 1724,654 1749,654 1775,661 1800,659 1810,663 1816,662 1821,655 1845,660 1863,660 1871,656 1906,656 1913,660 1965,660 1988,657 1998,661 2007,655 2057,657 2066,661 2085,662 2097,661 2111,655 2121,657 2126,662 2174,663 2184,668 2199,664 2274,664 2288,660 2301,663 2318,659 2335,664 2352,662 2352,617 2301,615 2293,611 2269,616 2250,612 2242,616 2209,614 2200,609 2172,612 2116,608 2064,617 2055,613 2026,612 2012,608 2001,608 1986,613 1939,613 1932,607 1911,611 1903,606 1884,606 1872,613 1858,614 1843,606 1827,610 1802,610 1791,610 1784,605 1776,605 1763,610 1705,612 1691,609 1681,612 1656,604 1627,608 1621,601"/>
        <Baseline points="1537,642 2352,652"/>
        <Word id="region0015_line0006_word0000" custom="readingOrder {index:0;}">
          <Coords points="1558,609 1558,653 1612,656 1686,656 1686,610 1681,612 1671,609"/>
          <TextEquiv conf="0.92762893">
            <Unicode>Suͤnde</Unicode>
          </TextEquiv>
        </Word>
        <Word id="region0015_line0006_word0001" custom="readingOrder {index:1;}">
          <Coords points="1820,613 1702,613 1702,656 1719,657 1724,654 1749,654 1767,659 1800,659 1818,659 1820,656"/>
          <TextEquiv conf="0.92653185">
            <Unicode>mache,</Unicode>
          </TextEquiv>
        </Word>
        <Word id="region0015_line0006_word0002" custom="readingOrder {index:2;}">
          <Coords points="1836,614 1877,614 1877,654 1836,654"/>
          <TextEquiv conf="0.916045">
            <Unicode>da</Unicode>
          </TextEquiv>
        </Word>
        <Word id="region0015_line0006_word0003" custom="readingOrder {index:3;}">
          <Coords points="1886,614 1970,614 1970,654 1886,654"/>
          <TextEquiv conf="0.93115187">
            <Unicode>keine</Unicode>
          </TextEquiv>
        </Word>
        <Word id="region0015_line0006_word0004" custom="readingOrder {index:4;}">
          <Coords points="2036,614 1983,614 1983,657 1988,657 1998,661 2007,655 2036,656"/>
          <TextEquiv conf="0.92003065">
            <Unicode>iſt:</Unicode>
          </TextEquiv>
        </Word>
        <Word id="region0015_line0006_word0005" custom="readingOrder {index:5;}">
          <Coords points="2127,656 2127,614 2081,614 2064,617 2063,616 2063,656 2108,656 2111,655 2116,656"/>
          <TextEquiv conf="0.92459464">
            <Unicode>auf</Unicode>
          </TextEquiv>
        </Word>
        <Word id="region0015_line0006_word0006" custom="readingOrder {index:6;}">
          <Coords points="2138,613 2201,614 2201,662 2138,661"/>
          <TextEquiv conf="0.92861885">
            <Unicode>daß</Unicode>
          </TextEquiv>
        </Word>
        <Word id="region0015_line0006_word0007" custom="readingOrder {index:7;}">
          <Coords points="2216,615 2216,655 2278,655 2278,615 2273,615 2269,616 2264,615 2244,615 2242,616 2225,615"/>
          <TextEquiv conf="0.93279487">
            <Unicode>wir</Unicode>
          </TextEquiv>
        </Word>
        <Word id="region0015_line0006_word0008" custom="readingOrder {index:8;}">
          <Coords points="2285,616 2285,655 2346,655 2346,616 2326,616"/>
          <TextEquiv conf="0.92702353">
            <Unicode>den</Unicode>
          </TextEquiv>
        </Word>
        <TextEquiv conf="0.92604667">
          <Unicode>Suͤnde mache, da keine iſt: auf daß wir den</Unicode>
        </TextEquiv>
      </TextLine>
      <TextLine id="region0015_line0007" custom="readingOrder {index:6;}">
        <Coords points="1537,653 1537,708 1595,708 1679,702 1688,708 1730,703 1734,711 1746,704 1795,708 1843,705 1855,709 1864,706 1875,713 1883,709 1895,709 2020,714 2054,712 2061,708 2123,707 2129,710 2177,713 2222,711 2232,715 2244,708 2255,708 2265,712 2304,714 2312,717 2324,717 2328,714 2352,715 2352,665 2331,665 2322,660 2301,664 2288,661 2272,667 2193,666 2184,669 2176,665 2126,665 2121,658 2111,656 2099,660 2096,664 2066,662 2057,658 2007,656 1998,662 1988,658 1946,663 1914,663 1906,657 1871,657 1861,662 1821,656 1816,663 1810,664 1797,660 1775,662 1749,655 1724,655 1718,660 1683,660"/>
        <Baseline points="1537,697 2352,704"/>
        <Word id="region0015_line0007_word0000" custom="readingOrder {index:0;}">
          <Coords points="1760,666 1557,666 1557,708 1595,708 1679,702 1688,708 1730,703 1734,711 1746,704 1760,705"/>
          <TextEquiv conf="0.92575425">
            <Unicode>Rottengeiſt</Unicode>
          </TextEquiv>
        </Word>
        <Word id="region0015_line0007_word0001" custom="readingOrder {index:1;}">
          <Coords points="1843,666 1784,665 1784,706 1817,706 1843,705"/>
          <TextEquiv conf="0.93241227">
            <Unicode>mit</Unicode>
          </TextEquiv>
        </Word>
        <Word id="region0015_line0007_word0002" custom="readingOrder {index:2;}">
          <Coords points="1962,667 1866,667 1866,707 1875,713 1883,709 1895,709 1962,711"/>
          <TextEquiv conf="0.9259889">
            <Unicode>ſeiner</Unicode>
          </TextEquiv>
        </Word>
        <Word id="region0015_line0007_word0003" custom="readingOrder {index:3;}">
          <Coords points="1984,662 1984,712 1996,713 2033,713 2054,712 2061,708 2123,707 2129,710 2177,713 2222,711 2229,713 2233,713 2244,708 2244,666 2193,666 2184,669 2176,665 2126,665 2124,662 2097,662 2096,664 2071,662"/>
          <TextEquiv conf="0.9300087">
            <Unicode>Schwaͤrmerey</Unicode>
          </TextEquiv>
        </Word>
        <Word id="region0015_line0007_word0004" custom="readingOrder {index:4;}">
          <Coords points="2346,668 2262,668 2262,710 2265,712 2304,714 2306,715 2326,715 2328,714 2346,714"/>
          <TextEquiv conf="0.92931587">
            <Unicode>nicht</Unicode>
          </TextEquiv>
        </Word>
        <TextEquiv conf="0.928696">
          <Unicode>Rottengeiſt mit ſeiner Schwaͤrmerey nicht</Unicode>
        </TextEquiv>
      </TextLine>
      <TextLine id="region0015_line0008" custom="readingOrder {index:7;}">
        <Coords points="1670,703 1605,709 1537,710 1538,752 1551,752 1563,756 1571,751 1587,751 1635,758 1673,759 1720,758 1729,755 1738,760 1745,757 1766,758 1773,754 1841,755 1848,760 1878,760 1884,764 1902,763 1931,755 1955,755 1981,761 2025,756 2032,760 2054,758 2060,763 2070,764 2114,763 2121,758 2141,758 2155,762 2214,764 2234,760 2250,766 2353,764 2352,716 2328,715 2324,718 2312,718 2304,715 2265,713 2255,709 2244,709 2232,716 2222,712 2172,713 2129,711 2123,708 2061,709 2054,713 2020,715 1875,714 1864,707 1850,710 1843,706 1786,710 1763,710 1758,706 1746,705 1734,712 1730,704 1688,709 1679,703"/>
        <Baseline points="1538,744 2353,753"/>
        <Word id="region0015_line0008_word0000" custom="readingOrder {index:0;}">
          <Coords points="1626,726 1557,726 1557,754 1563,756 1571,751 1587,751 1626,756"/>
          <TextEquiv conf="0.92327195">
            <Unicode>zum</Unicode>
          </TextEquiv>
        </Word>
        <Word id="region0015_line0008_word0001" custom="readingOrder {index:1;}">
          <Coords points="1791,716 1653,716 1653,758 1673,759 1720,758 1729,755 1738,760 1745,757 1766,758 1773,754 1791,754"/>
          <TextEquiv conf="0.9235872">
            <Unicode>Meiſter</Unicode>
          </TextEquiv>
        </Word>
        <Word id="region0015_line0008_word0002" custom="readingOrder {index:2;}">
          <Coords points="1946,717 1824,716 1824,754 1841,755 1848,760 1878,760 1883,763 1891,763 1902,763 1931,755 1946,755"/>
          <TextEquiv conf="0.92103505">
            <Unicode>kriegen</Unicode>
          </TextEquiv>
        </Word>
        <Word id="region0015_line0008_word0003" custom="readingOrder {index:3;}">
          <Coords points="2022,726 1978,726 1978,757 2016,757 2022,756"/>
          <TextEquiv conf="0.9327675">
            <Unicode>an</Unicode>
          </TextEquiv>
        </Word>
        <Word id="region0015_line0008_word0004" custom="readingOrder {index:4;}">
          <Coords points="2200,762 2200,719 2054,718 2054,758 2057,761 2116,761 2121,758 2141,758 2153,761"/>
          <TextEquiv conf="0.928845">
            <Unicode>GOttes</Unicode>
          </TextEquiv>
        </Word>
        <Word id="region0015_line0008_word0005" custom="readingOrder {index:5;}">
          <Coords points="2225,718 2225,761 2234,760 2242,763 2347,763 2347,718 2324,718 2312,718"/>
          <TextEquiv conf="0.93048805">
            <Unicode>Statt.</Unicode>
          </TextEquiv>
        </Word>
        <TextEquiv conf="0.9266658">
          <Unicode>zum Meiſter kriegen an GOttes Statt.</Unicode>
        </TextEquiv>
      </TextLine>
      <TextLine id="region0015_line0009" custom="readingOrder {index:8;}">
        <Coords points="1571,752 1563,757 1551,753 1538,753 1538,809 1599,808 1612,803 1630,807 1688,801 1726,804 1732,807 1766,808 1772,812 1799,808 1806,804 1820,807 1830,806 1832,809 1911,810 1922,804 1930,804 1939,812 1962,807 1977,811 2085,811 2105,808 2116,812 2186,806 2193,812 2219,809 2231,815 2317,814 2321,811 2353,814 2353,767 2250,767 2234,761 2218,765 2179,765 2155,763 2141,759 2121,759 2114,764 2070,765 2060,764 2054,759 2032,761 2025,757 2016,757 1997,762 1981,762 1955,756 1931,756 1902,764 1884,765 1879,762 1848,761 1841,756 1773,755 1766,759 1745,758 1738,761 1729,756 1719,760 1658,760"/>
        <Baseline points="1538,798 2353,803"/>
        <Word id="region0015_line0009_word0000" custom="readingOrder {index:0;}">
          <Coords points="1667,765 1558,765 1558,807 1601,807 1612,803 1630,807 1667,803"/>
          <TextEquiv conf="0.9294329">
            <Unicode>Denn</Unicode>
          </TextEquiv>
        </Word>
        <Word id="region0015_line0009_word0001" custom="readingOrder {index:1;}">
          <Coords points="1749,804 1749,766 1689,766 1689,801 1726,804"/>
          <TextEquiv conf="0.93064535">
            <Unicode>mit</Unicode>
          </TextEquiv>
        </Word>
        <Word id="region0015_line0009_word0002" custom="readingOrder {index:2;}">
          <Coords points="1900,766 1772,765 1772,812 1799,808 1806,804 1820,807 1830,806 1832,809 1900,809"/>
          <TextEquiv conf="0.9175998">
            <Unicode>ſolchem</Unicode>
          </TextEquiv>
        </Word>
        <Word id="region0015_line0009_word0003" custom="readingOrder {index:3;}">
          <Coords points="1921,765 1921,804 1922,804 1930,804 1935,809 1952,809 1962,807 1969,809 2098,809 2105,808 2107,809 2140,809 2140,765 2070,765"/>
          <TextEquiv conf="0.9230158">
            <Unicode>Gaukelwerk</Unicode>
          </TextEquiv>
        </Word>
        <Word id="region0015_line0009_word0004" custom="readingOrder {index:4;}">
          <Coords points="2243,811 2243,766 2164,765 2164,807 2186,806 2191,810 2205,810 2219,809 2222,810"/>
          <TextEquiv conf="0.9298872">
            <Unicode>muß</Unicode>
          </TextEquiv>
        </Word>
        <Word id="region0015_line0009_word0005" custom="readingOrder {index:5;}">
          <Coords points="2264,776 2345,776 2345,806 2264,806"/>
          <TextEquiv conf="0.93239474">
            <Unicode>man</Unicode>
          </TextEquiv>
        </Word>
        <TextEquiv conf="0.9271626">
          <Unicode>Denn mit ſolchem Gaukelwerk muß man</Unicode>
        </TextEquiv>
      </TextLine>
      <TextLine id="region0015_line0010" custom="readingOrder {index:9;}">
        <Coords points="1675,802 1630,808 1612,804 1599,809 1538,810 1538,855 1597,856 1610,861 1626,853 1641,857 1659,854 1666,858 1691,854 1719,854 1759,863 1768,861 1773,855 1785,854 1806,855 1813,859 1836,863 1869,861 1888,865 1897,861 1921,861 1929,857 1944,860 1999,860 2007,855 2019,855 2026,860 2051,858 2057,862 2093,863 2100,866 2121,863 2130,858 2138,858 2149,864 2155,861 2181,862 2188,859 2228,864 2255,864 2261,860 2276,863 2313,863 2330,859 2353,859 2353,819 2341,818 2336,812 2321,812 2315,817 2247,814 2231,816 2219,810 2194,814 2186,807 2172,806 2166,810 2152,808 2140,812 2116,813 2105,809 2073,814 1997,813 1977,812 1969,808 1939,813 1930,805 1922,805 1910,813 1832,810 1830,807 1820,808 1806,805 1798,810 1772,813 1737,810 1726,805"/>
        <Baseline points="1538,845 2353,850"/>
        <Word id="region0015_line0010_word0000" custom="readingOrder {index:0;}">
          <Coords points="1647,816 1558,816 1558,855 1597,856 1610,861 1626,853 1641,857 1647,856"/>
          <TextEquiv conf="0.93076116">
            <Unicode>unſer</Unicode>
          </TextEquiv>
        </Word>
        <Word id="region0015_line0010_word0001" custom="readingOrder {index:1;}">
          <Coords points="1768,815 1663,815 1663,856 1666,858 1691,854 1719,854 1759,863 1768,861"/>
          <TextEquiv conf="0.93099684">
            <Unicode>Ding</Unicode>
          </TextEquiv>
        </Word>
        <Word id="region0015_line0010_word0002" custom="readingOrder {index:2;}">
          <Coords points="1863,861 1863,816 1781,815 1781,854 1785,854 1806,855 1813,859 1821,860"/>
          <TextEquiv conf="0.92742926">
            <Unicode>nicht</Unicode>
          </TextEquiv>
        </Word>
        <Word id="region0015_line0010_word0003" custom="readingOrder {index:3;}">
          <Coords points="1877,812 1877,862 1883,864 1890,864 1897,861 1921,861 1929,857 1944,860 1999,860 2007,855 2019,855 2020,855 2020,813 1997,813 1977,812 1945,812 1939,813 1937,812 1911,812 1910,813 1884,812"/>
          <TextEquiv conf="0.92947286">
            <Unicode>gruͤnden</Unicode>
          </TextEquiv>
        </Word>
        <Word id="region0015_line0010_word0004" custom="readingOrder {index:4;}">
          <Coords points="2114,863 2114,818 2036,818 2036,859 2051,858 2057,862 2093,863"/>
          <TextEquiv conf="0.9299916">
            <Unicode>noch</Unicode>
          </TextEquiv>
        </Word>
        <Word id="region0015_line0010_word0005" custom="readingOrder {index:5;}">
          <Coords points="2142,813 2142,860 2145,862 2153,862 2155,861 2181,862 2188,859 2217,863 2257,863 2261,860 2263,860 2263,815 2247,814 2231,816 2226,814 2197,813 2194,814 2193,813"/>
          <TextEquiv conf="0.9295346">
            <Unicode>ſtaͤrken</Unicode>
          </TextEquiv>
        </Word>
        <Word id="region0015_line0010_word0006" custom="readingOrder {index:6;}">
          <Coords points="2286,820 2348,820 2348,859 2286,859"/>
          <TextEquiv>
            <Unicode>wi⸗</Unicode>
          </TextEquiv>
        </Word>
        <TextEquiv>
          <Unicode>unſer Ding nicht gruͤnden noch ſtaͤrken wi⸗</Unicode>
        </TextEquiv>
      </TextLine>
      <TextLine id="region0015_line0011" custom="readingOrder {index:10;}">
        <Coords points="1626,854 1610,862 1565,855 1538,856 1537,905 1554,906 1567,903 1573,906 1602,907 1636,901 1675,905 1699,901 1705,911 1714,908 1751,910 1765,907 1788,913 1798,908 1827,909 1835,905 1848,905 1855,909 1889,905 1907,910 1930,905 1938,911 2063,911 2069,908 2092,907 2099,911 2118,912 2124,916 2133,916 2139,912 2168,912 2176,919 2185,919 2192,913 2221,913 2236,909 2274,914 2297,910 2352,910 2353,871 2342,869 2341,862 2337,860 2318,862 2312,867 2287,867 2270,861 2261,861 2254,867 2233,866 2207,864 2195,860 2149,865 2138,859 2130,859 2119,865 2100,867 2093,864 2057,863 2051,859 2027,863 2019,856 2007,856 1998,864 1945,863 1939,858 1929,858 1920,864 1897,862 1880,866 1862,862 1836,864 1813,860 1806,856 1785,855 1773,856 1765,863 1752,864 1719,855 1691,855 1666,859 1659,855 1641,858"/>
        <Baseline points="1537,895 2352,901"/>
        <Word id="region0015_line0011_word0000" custom="readingOrder {index:0;}">
          <Coords points="1611,869 1558,869 1557,905 1567,903 1573,906 1607,906 1610,905"/>
          <TextEquiv conf="0.93291694">
            <Unicode>der</Unicode>
          </TextEquiv>
        </Word>
        <Word id="region0015_line0011_word0001" custom="readingOrder {index:1;}">
          <Coords points="1674,867 1626,867 1625,902 1636,901 1673,904"/>
          <TextEquiv conf="0.93268013">
            <Unicode>die</Unicode>
          </TextEquiv>
        </Word>
        <Word id="region0015_line0011_word0002" custom="readingOrder {index:2;}">
          <Coords points="1866,867 1689,866 1688,902 1699,901 1705,911 1714,908 1751,910 1765,907 1788,913 1798,908 1827,909 1835,905 1848,905 1855,909 1865,907"/>
          <TextEquiv conf="0.9311638">
            <Unicode>Papiſten:</Unicode>
          </TextEquiv>
        </Word>
        <Word id="region0015_line0011_word0003" custom="readingOrder {index:3;}">
          <Coords points="1952,907 1953,867 1891,867 1890,905 1896,907 1920,907 1930,905 1932,907"/>
          <TextEquiv conf="0.9329013">
            <Unicode>wir</Unicode>
          </TextEquiv>
        </Word>
        <Word id="region0015_line0011_word0004" custom="readingOrder {index:4;}">
          <Coords points="1969,864 1968,907 2092,907 2102,907 2102,866 2100,867 2093,864 1998,864"/>
          <TextEquiv conf="0.9289809">
            <Unicode>wuͤrden</Unicode>
          </TextEquiv>
        </Word>
        <Word id="region0015_line0011_word0005" custom="readingOrder {index:5;}">
          <Coords points="2205,868 2124,867 2123,915 2134,915 2139,912 2168,912 2172,915 2188,915 2192,913 2204,913"/>
          <TextEquiv conf="0.93099946">
            <Unicode>ſonſt</Unicode>
          </TextEquiv>
        </Word>
        <Word id="region0015_line0011_word0006" custom="readingOrder {index:6;}">
          <Coords points="2224,868 2283,868 2282,908 2223,908"/>
          <TextEquiv conf="0.93209046">
            <Unicode>mit</Unicode>
          </TextEquiv>
        </Word>
        <Word id="region0015_line0011_word0007" custom="readingOrder {index:7;}">
          <Coords points="2299,867 2298,907 2348,907 2348,870 2342,869 2341,867 2312,867"/>
          <TextEquiv conf="0.5789855">
            <Unicode>al⸗</Unicode>
          </TextEquiv>
        </Word>
        <TextEquiv conf="0.8875898">
          <Unicode>der die Papiſten: wir wuͤrden ſonſt mit al⸗</Unicode>
        </TextEquiv>
      </TextLine>
      <TextLine id="region0015_line0012" custom="readingOrder {index:11;}">
        <Coords points="1636,902 1588,909 1574,909 1567,904 1537,908 1537,956 1574,957 1593,954 1646,960 1700,960 1721,958 1728,954 1754,954 1762,958 1836,956 1842,959 1866,960 1875,964 1915,957 1920,964 1925,965 1936,960 1969,955 2005,958 2024,956 2042,960 2079,961 2084,964 2122,958 2185,957 2215,964 2244,965 2284,960 2289,962 2291,967 2298,969 2310,964 2352,965 2352,911 2297,911 2274,915 2236,910 2176,920 2168,915 2100,915 2092,908 2069,909 2061,915 2045,915 2007,912 1939,913 1930,906 1907,911 1889,906 1875,907 1869,911 1853,911 1848,906 1835,906 1826,911 1797,910 1788,914 1765,908 1751,911 1714,909 1705,912 1699,902 1677,906"/>
        <Baseline points="1537,945 2352,954"/>
        <Word id="region0015_line0012_word0000" custom="readingOrder {index:0;}">
          <Coords points="1606,955 1606,916 1557,916 1557,955 1586,955 1593,954 1601,955"/>
          <TextEquiv conf="0.91183656">
            <Unicode>len</Unicode>
          </TextEquiv>
        </Word>
        <Word id="region0015_line0012_word0001" custom="readingOrder {index:1;}">
          <Coords points="1620,910 1620,957 1637,959 1710,959 1721,958 1728,954 1754,954 1762,958 1814,956 1814,910 1797,910 1788,914 1772,910 1755,910 1751,911 1732,910 1711,910 1705,912 1703,910"/>
          <TextEquiv conf="0.93077314">
            <Unicode>Schanden</Unicode>
          </TextEquiv>
        </Word>
        <Word id="region0015_line0012_word0002" custom="readingOrder {index:2;}">
          <Coords points="1975,915 1835,915 1835,956 1836,956 1842,959 1866,960 1872,963 1880,963 1915,957 1919,963 1929,963 1936,960 1969,955 1975,955"/>
          <TextEquiv conf="0.92779016">
            <Unicode>beſtehen</Unicode>
          </TextEquiv>
        </Word>
        <Word id="region0015_line0012_word0003" custom="readingOrder {index:3;}">
          <Coords points="1995,922 2053,922 2053,956 1995,956"/>
          <TextEquiv conf="0.9270359">
            <Unicode>vor</Unicode>
          </TextEquiv>
        </Word>
        <Word id="region0015_line0012_word0004" custom="readingOrder {index:4;}">
          <Coords points="2067,916 2067,960 2109,960 2122,958 2173,957 2173,918 2169,916"/>
          <TextEquiv conf="0.9286806">
            <Unicode>ihnen.</Unicode>
          </TextEquiv>
        </Word>
        <Word id="region0015_line0012_word0005" custom="readingOrder {index:5;}">
          <Coords points="2221,916 2274,916 2274,958 2221,958"/>
          <TextEquiv conf="0.93005514">
            <Unicode>Es</Unicode>
          </TextEquiv>
        </Word>
        <Word id="region0015_line0012_word0006" custom="readingOrder {index:6;}">
          <Coords points="2293,918 2347,918 2347,964 2293,964"/>
          <TextEquiv conf="0.9244799">
            <Unicode>ſoll</Unicode>
          </TextEquiv>
        </Word>
        <TextEquiv conf="0.92580736">
          <Unicode>len Schanden beſtehen vor ihnen. Es ſoll</Unicode>
        </TextEquiv>
      </TextLine>
      <TextLine id="region0015_line0013" custom="readingOrder {index:12;}">
        <Coords points="1582,955 1574,958 1537,959 1537,1005 1641,1007 1654,1012 1661,1012 1672,1003 1720,1008 1734,1004 1746,1011 1757,1008 1802,1008 1809,1004 1871,1010 1899,1005 1925,1010 1952,1006 1962,1012 2001,1014 2087,1012 2109,1008 2122,1012 2164,1009 2172,1014 2178,1015 2185,1010 2199,1009 2207,1013 2256,1013 2267,1018 2273,1017 2277,1011 2290,1011 2297,1017 2326,1011 2332,1014 2344,1011 2352,1013 2352,967 2308,967 2298,970 2291,968 2289,963 2284,961 2244,966 2215,965 2185,958 2159,957 2084,965 2079,962 2042,961 2024,957 2005,959 1969,956 1945,959 1923,966 1915,958 1905,958 1899,963 1875,965 1866,961 1842,960 1836,957 1764,961 1754,955 1728,955 1719,961 1646,961 1637,958 1612,959"/>
        <Baseline points="1537,996 2352,1004"/>
        <Word id="region0015_line0013_word0000" custom="readingOrder {index:0;}">
          <Coords points="1637,1006 1637,969 1557,969 1557,1005 1589,1006"/>
          <TextEquiv conf="0.9315331">
            <Unicode>alles</Unicode>
          </TextEquiv>
        </Word>
        <Word id="region0015_line0013_word0001" custom="readingOrder {index:1;}">
          <Coords points="1756,967 1650,967 1650,1010 1654,1012 1661,1012 1672,1003 1720,1008 1734,1004 1746,1011 1756,1008"/>
          <TextEquiv conf="0.92168367">
            <Unicode>gewiß</Unicode>
          </TextEquiv>
        </Word>
        <Word id="region0015_line0013_word0002" custom="readingOrder {index:2;}">
          <Coords points="1849,1007 1849,970 1782,969 1782,1006 1804,1006 1809,1004 1838,1006"/>
          <TextEquiv conf="0.9285325">
            <Unicode>und</Unicode>
          </TextEquiv>
        </Word>
        <Word id="region0015_line0013_word0003" custom="readingOrder {index:3;}">
          <Coords points="1936,970 1870,970 1870,1009 1876,1009 1899,1005 1919,1009 1931,1009 1936,1008"/>
          <TextEquiv conf="0.9254843">
            <Unicode>rein</Unicode>
          </TextEquiv>
        </Word>
        <Word id="region0015_line0013_word0004" custom="readingOrder {index:4;}">
          <Coords points="2107,969 1961,969 1961,1011 1962,1012 2087,1012 2107,1008"/>
          <TextEquiv conf="0.92344755">
            <Unicode>GOttes</Unicode>
          </TextEquiv>
        </Word>
        <Word id="region0015_line0013_word0005" custom="readingOrder {index:5;}">
          <Coords points="2242,970 2128,969 2128,1011 2164,1009 2169,1012 2181,1012 2185,1010 2199,1009 2206,1012 2242,1013"/>
          <TextEquiv conf="0.89087015">
            <Unicode>Wort</Unicode>
          </TextEquiv>
        </Word>
        <Word id="region0015_line0013_word0006" custom="readingOrder {index:6;}">
          <Coords points="2263,969 2263,1016 2264,1017 2273,1017 2277,1011 2290,1011 2297,1017 2326,1011 2332,1014 2344,1011 2346,1011 2346,969 2301,969 2298,970 2294,969"/>
          <TextEquiv conf="0.9242707">
            <Unicode>ſeyn,</Unicode>
          </TextEquiv>
        </Word>
        <TextEquiv conf="0.92083174">
          <Unicode>alles gewiß und rein GOttes Wort ſeyn,</Unicode>
        </TextEquiv>
      </TextLine>
      <TextLine id="region0015_line0014" custom="readingOrder {index:13;}">
        <Coords points="1672,1004 1661,1013 1645,1010 1574,1008 1564,1005 1537,1006 1537,1055 1574,1053 1587,1057 1629,1057 1634,1054 1645,1054 1650,1057 1662,1054 1721,1058 1752,1057 1757,1054 1768,1054 1773,1057 1783,1054 1805,1054 1809,1057 1829,1055 1842,1059 1874,1058 1886,1064 1891,1064 1899,1057 1924,1061 2089,1062 2104,1056 2111,1057 2116,1062 2137,1062 2143,1066 2184,1064 2190,1068 2200,1068 2207,1064 2238,1063 2247,1059 2256,1059 2259,1063 2274,1062 2288,1065 2305,1061 2326,1069 2352,1067 2352,1014 2345,1012 2336,1015 2326,1012 2298,1018 2293,1017 2290,1012 2277,1012 2273,1018 2267,1019 2257,1015 2208,1015 2199,1010 2185,1011 2178,1016 2172,1015 2164,1010 2122,1013 2114,1009 2076,1014 2001,1015 1963,1014 1952,1007 1940,1008 1933,1013 1919,1013 1917,1009 1902,1006 1882,1011 1836,1011 1827,1006 1809,1005 1801,1010 1771,1009 1746,1012 1734,1005 1723,1011 1706,1011 1692,1010 1685,1004"/>
        <Baseline points="1537,1045 2352,1056"/>
        <Word id="region0015_line0014_word0000" custom="readingOrder {index:0;}">
          <Coords points="1683,1015 1558,1015 1558,1053 1574,1053 1587,1057 1629,1057 1634,1054 1645,1054 1650,1057 1662,1054 1683,1055"/>
          <TextEquiv conf="0.9091476">
            <Unicode>darauf</Unicode>
          </TextEquiv>
        </Word>
        <Word id="region0015_line0014_word0001" custom="readingOrder {index:1;}">
          <Coords points="1756,1016 1694,1016 1694,1056 1753,1056 1756,1054"/>
          <TextEquiv conf="0.92966">
            <Unicode>wir</Unicode>
          </TextEquiv>
        </Word>
        <Word id="region0015_line0014_word0002" custom="readingOrder {index:2;}">
          <Coords points="1872,1057 1872,1017 1772,1016 1772,1056 1776,1056 1783,1054 1805,1054 1808,1056 1814,1056 1829,1055 1834,1056"/>
          <TextEquiv conf="0.9264636">
            <Unicode>wider</Unicode>
          </TextEquiv>
        </Word>
        <Word id="region0015_line0014_word0003" custom="readingOrder {index:3;}">
          <Coords points="1925,1017 1886,1017 1886,1064 1891,1064 1899,1057 1924,1061 1925,1061"/>
          <TextEquiv conf="0.927369">
            <Unicode>ſie</Unicode>
          </TextEquiv>
        </Word>
        <Word id="region0015_line0014_word0004" custom="readingOrder {index:4;}">
          <Coords points="1942,1016 2047,1016 2047,1057 1942,1057"/>
          <TextEquiv conf="0.9323328">
            <Unicode>bauen</Unicode>
          </TextEquiv>
        </Word>
        <Word id="region0015_line0014_word0005" custom="readingOrder {index:5;}">
          <Coords points="2062,1017 2128,1017 2128,1056 2062,1056"/>
          <TextEquiv conf="0.9276256">
            <Unicode>und</Unicode>
          </TextEquiv>
        </Word>
        <Word id="region0015_line0014_word0006" custom="readingOrder {index:6;}">
          <Coords points="2145,1016 2145,1063 2219,1063 2238,1063 2247,1059 2256,1059 2259,1063 2271,1062 2271,1018 2267,1019 2261,1016"/>
          <TextEquiv conf="0.9197834">
            <Unicode>fechten,</Unicode>
          </TextEquiv>
        </Word>
        <Word id="region0015_line0014_word0007" custom="readingOrder {index:7;}">
          <Coords points="2281,1017 2281,1063 2283,1064 2292,1064 2305,1061 2312,1064 2347,1064 2347,1017 2302,1017 2298,1018 2293,1017"/>
          <TextEquiv conf="0.92457175">
            <Unicode>daß</Unicode>
          </TextEquiv>
        </Word>
        <TextEquiv conf="0.92461926">
          <Unicode>darauf wir wider ſie bauen und fechten, daß</Unicode>
        </TextEquiv>
      </TextLine>
      <TextLine id="region0015_line0015" custom="readingOrder {index:14;}">
        <Coords points="1561,1054 1555,1057 1537,1057 1537,1108 1565,1112 1571,1107 1636,1108 1659,1105 1667,1108 1676,1104 1698,1102 1748,1109 1815,1109 1821,1113 1830,1114 1836,1110 1872,1109 1943,1115 1950,1110 1960,1110 1975,1116 1992,1116 2015,1112 2106,1109 2116,1117 2128,1110 2149,1108 2178,1113 2189,1110 2202,1113 2223,1110 2242,1118 2249,1118 2254,1111 2304,1114 2353,1110 2352,1069 2326,1070 2314,1068 2305,1062 2291,1066 2276,1066 2274,1063 2259,1064 2256,1060 2247,1060 2237,1065 2190,1069 2170,1065 2117,1066 2111,1058 2104,1057 2097,1058 2088,1065 1976,1065 1909,1061 1903,1058 1886,1065 1874,1059 1844,1061 1829,1056 1810,1058 1805,1055 1783,1055 1773,1058 1768,1055 1757,1055 1738,1059 1680,1058 1662,1055 1650,1058 1645,1055 1634,1055 1628,1059 1588,1060 1582,1055"/>
        <Baseline points="1537,1096 2353,1101"/>
        <Word id="region0015_line0015_word0000" custom="readingOrder {index:0;}">
          <Coords points="1596,1066 1557,1066 1557,1110 1565,1112 1571,1107 1596,1107"/>
          <TextEquiv conf="0.92838097">
            <Unicode>ſie</Unicode>
          </TextEquiv>
        </Word>
        <Word id="region0015_line0015_word0001" custom="readingOrder {index:1;}">
          <Coords points="1713,1065 1610,1065 1610,1107 1636,1108 1659,1105 1667,1108 1676,1104 1698,1102 1713,1104"/>
          <TextEquiv conf="0.9289881">
            <Unicode>nichts</Unicode>
          </TextEquiv>
        </Word>
        <Word id="region0015_line0015_word0002" custom="readingOrder {index:2;}">
          <Coords points="1874,1067 1725,1066 1725,1105 1748,1109 1815,1109 1821,1113 1827,1113 1830,1113 1836,1110 1872,1109 1874,1109"/>
          <TextEquiv conf="0.9239842">
            <Unicode>redliches</Unicode>
          </TextEquiv>
        </Word>
        <Word id="region0015_line0015_word0003" custom="readingOrder {index:3;}">
          <Coords points="2036,1067 1895,1067 1895,1110 1907,1112 1947,1112 1950,1110 1960,1110 1965,1112 2015,1112 2036,1111"/>
          <TextEquiv conf="0.93136466">
            <Unicode>dagegen</Unicode>
          </TextEquiv>
        </Word>
        <Word id="region0015_line0015_word0004" custom="readingOrder {index:4;}">
          <Coords points="2093,1061 2088,1065 2059,1065 2059,1110 2106,1109 2109,1112 2124,1112 2128,1110 2149,1108 2172,1111 2172,1065 2170,1065 2117,1066 2113,1061"/>
          <TextEquiv conf="0.92819595">
            <Unicode>moͤgen</Unicode>
          </TextEquiv>
        </Word>
        <Word id="region0015_line0015_word0005" custom="readingOrder {index:5;}">
          <Coords points="2225,1066 2195,1068 2195,1111 2202,1113 2223,1110 2232,1114 2251,1114 2254,1111 2304,1114 2348,1110 2348,1069 2326,1070 2314,1068 2311,1066 2291,1066 2276,1066"/>
          <TextEquiv conf="0.89172137">
            <Unicode>aufbrin⸗</Unicode>
          </TextEquiv>
        </Word>
        <TextEquiv conf="0.92210585">
          <Unicode>ſie nichts redliches dagegen moͤgen aufbrin⸗</Unicode>
        </TextEquiv>
      </TextLine>
      <TextLine id="region0015_line0016" custom="readingOrder {index:15;}">
        <Coords points="1695,1103 1676,1105 1667,1109 1654,1106 1628,1110 1538,1112 1538,1155 1556,1159 1576,1157 1582,1153 1601,1156 1661,1149 1668,1153 1700,1156 1733,1154 1740,1158 1764,1158 1772,1152 1784,1152 1820,1158 1863,1155 1870,1159 1887,1160 2036,1161 2064,1162 2069,1165 2078,1162 2091,1165 2101,1159 2113,1159 2117,1162 2143,1161 2155,1165 2165,1159 2210,1163 2216,1160 2236,1160 2241,1163 2282,1164 2289,1160 2303,1163 2314,1160 2334,1162 2353,1159 2353,1118 2334,1117 2330,1114 2298,1117 2254,1112 2249,1119 2242,1119 2223,1111 2207,1114 2189,1111 2178,1114 2149,1109 2128,1111 2119,1118 2112,1117 2106,1110 2091,1111 2086,1115 1992,1117 1975,1117 1960,1111 1950,1111 1943,1116 1917,1112 1821,1114 1811,1110 1762,1111"/>
        <Baseline points="1538,1145 2353,1149"/>
        <Word id="region0015_line0016_word0000" custom="readingOrder {index:0;}">
          <Coords points="1627,1122 1556,1122 1556,1158 1566,1158 1576,1157 1582,1153 1601,1156 1627,1152"/>
          <TextEquiv conf="0.93093574">
            <Unicode>gen.</Unicode>
          </TextEquiv>
        </Word>
        <Word id="region0015_line0016_word0001" custom="readingOrder {index:1;}">
          <Coords points="1788,1113 1677,1113 1677,1153 1689,1155 1716,1155 1733,1154 1734,1155 1768,1155 1772,1152 1784,1152 1788,1152"/>
          <TextEquiv conf="0.9258455">
            <Unicode>Denn</Unicode>
          </TextEquiv>
        </Word>
        <Word id="region0015_line0016_word0002" custom="readingOrder {index:2;}">
          <Coords points="1802,1122 1897,1123 1897,1154 1802,1153"/>
          <TextEquiv conf="0.9290912">
            <Unicode>wenn</Unicode>
          </TextEquiv>
        </Word>
        <Word id="region0015_line0016_word0003" custom="readingOrder {index:3;}">
          <Coords points="1911,1115 1911,1155 1973,1155 1973,1116 1970,1115 1944,1115 1943,1116 1936,1115"/>
          <TextEquiv conf="0.9320627">
            <Unicode>wir</Unicode>
          </TextEquiv>
        </Word>
        <Word id="region0015_line0016_word0004" custom="readingOrder {index:4;}">
          <Coords points="1991,1124 2056,1124 2056,1153 1991,1153"/>
          <TextEquiv conf="0.9243917">
            <Unicode>nun</Unicode>
          </TextEquiv>
        </Word>
        <Word id="region0015_line0016_word0005" custom="readingOrder {index:5;}">
          <Coords points="2087,1114 2086,1115 2072,1115 2072,1161 2097,1161 2101,1159 2113,1159 2115,1161 2143,1161 2161,1161 2165,1159 2168,1159 2168,1114 2124,1114 2119,1118 2112,1117 2109,1114"/>
          <TextEquiv conf="0.9236109">
            <Unicode>gleich</Unicode>
          </TextEquiv>
        </Word>
        <Word id="region0015_line0016_word0006" custom="readingOrder {index:6;}">
          <Coords points="2190,1116 2190,1156 2237,1156 2237,1116 2234,1116"/>
          <TextEquiv conf="0.9234605">
            <Unicode>die</Unicode>
          </TextEquiv>
        </Word>
        <Word id="region0015_line0016_word0007" custom="readingOrder {index:7;}">
          <Coords points="2256,1118 2346,1118 2346,1156 2256,1156"/>
          <TextEquiv conf="0.7643292">
            <Unicode>deut⸗</Unicode>
          </TextEquiv>
        </Word>
        <TextEquiv conf="0.9067159">
          <Unicode>gen. Denn wenn wir nun gleich die deut⸗</Unicode>
        </TextEquiv>
      </TextLine>
      <TextLine id="region0015_line0017" custom="readingOrder {index:16;}">
        <Coords points="1654,1150 1601,1157 1582,1154 1576,1158 1556,1160 1538,1158 1538,1208 1551,1208 1561,1212 1571,1208 1594,1211 1600,1208 1640,1208 1654,1204 1671,1204 1682,1208 1695,1208 1702,1213 1720,1213 1730,1208 1759,1207 1766,1204 1796,1207 1828,1205 1836,1209 1908,1210 1928,1210 1946,1206 1956,1211 1964,1207 2004,1211 2014,1206 2040,1205 2087,1212 2140,1211 2145,1208 2154,1208 2162,1212 2205,1213 2220,1209 2232,1213 2303,1215 2314,1219 2353,1216 2353,1164 2347,1163 2330,1164 2314,1161 2302,1164 2289,1161 2273,1167 2242,1165 2236,1161 2216,1161 2211,1164 2165,1160 2160,1165 2153,1166 2143,1162 2117,1163 2113,1160 2101,1160 2091,1166 2083,1163 2069,1166 2048,1163 1907,1163 1872,1161 1863,1156 1842,1157 1837,1161 1809,1161 1804,1155 1790,1156 1784,1153 1772,1153 1764,1161 1741,1161 1733,1155 1700,1157"/>
        <Baseline points="1538,1197 2353,1205"/>
        <Word id="region0015_line0017_word0000" custom="readingOrder {index:0;}">
          <Coords points="1618,1164 1557,1164 1557,1210 1566,1210 1571,1208 1586,1210 1596,1210 1600,1208 1618,1208"/>
          <TextEquiv conf="0.924074">
            <Unicode>ſche</Unicode>
          </TextEquiv>
        </Word>
        <Word id="region0015_line0017_word0001" custom="readingOrder {index:1;}">
          <Coords points="1742,1163 1633,1163 1633,1208 1640,1208 1654,1204 1671,1204 1682,1208 1695,1208 1700,1212 1722,1212 1730,1208 1742,1207"/>
          <TextEquiv conf="0.924074">
            <Unicode>Meſſe</Unicode>
          </TextEquiv>
        </Word>
        <Word id="region0015_line0017_word0002" custom="readingOrder {index:2;}">
          <Coords points="1769,1161 1769,1204 1796,1207 1828,1205 1836,1209 1864,1209 1929,1209 1946,1206 1953,1209 1958,1209 1964,1207 1993,1209 2006,1209 2011,1207 2011,1163 1907,1163 1880,1161"/>
          <TextEquiv conf="0.9190329">
            <Unicode>uͤberkommen,</Unicode>
          </TextEquiv>
        </Word>
        <Word id="region0015_line0017_word0003" custom="readingOrder {index:3;}">
          <Coords points="2038,1165 2038,1204 2143,1204 2143,1165 2092,1165 2091,1166 2088,1165 2073,1165 2069,1166 2062,1165"/>
          <TextEquiv conf="0.92473775">
            <Unicode>wirds</Unicode>
          </TextEquiv>
        </Word>
        <Word id="region0015_line0017_word0004" custom="readingOrder {index:4;}">
          <Coords points="2165,1164 2241,1165 2241,1209 2165,1208"/>
          <TextEquiv conf="0.9281003">
            <Unicode>doch</Unicode>
          </TextEquiv>
        </Word>
        <Word id="region0015_line0017_word0005" custom="readingOrder {index:5;}">
          <Coords points="2263,1212 2346,1212 2346,1165 2278,1165 2273,1167 2263,1166"/>
          <TextEquiv conf="0.9289989">
            <Unicode>nicht</Unicode>
          </TextEquiv>
        </Word>
        <TextEquiv conf="0.92483634">
          <Unicode>ſche Meſſe uͤberkommen, wirds doch nicht</Unicode>
        </TextEquiv>
      </TextLine>
      <TextLine id="region0015_line0018" custom="readingOrder {index:17;}">
        <Coords points="1654,1205 1646,1210 1561,1213 1538,1211 1537,1260 1569,1262 1578,1258 1613,1258 1621,1262 1630,1262 1644,1258 1650,1262 1659,1262 1665,1258 1672,1258 1685,1262 1705,1253 1719,1253 1724,1259 1735,1255 1809,1258 1841,1255 1847,1259 1888,1260 1905,1256 1914,1260 2005,1259 2016,1263 2041,1264 2080,1263 2098,1258 2122,1262 2162,1262 2174,1261 2183,1257 2195,1257 2201,1262 2224,1259 2239,1264 2263,1264 2268,1261 2279,1261 2284,1264 2315,1264 2329,1260 2352,1261 2353,1219 2314,1220 2309,1217 2232,1214 2220,1210 2205,1214 2172,1215 2163,1215 2154,1209 2145,1209 2138,1215 2121,1212 2096,1214 2040,1206 2014,1207 2004,1212 1993,1209 1981,1212 1974,1208 1964,1208 1956,1212 1940,1207 1931,1212 1907,1213 1838,1211 1828,1206 1812,1205 1806,1208 1766,1205 1759,1208 1730,1209 1720,1214 1702,1214 1697,1211 1678,1211 1671,1205"/>
        <Baseline points="1537,1248 2352,1250"/>
        <Word id="region0015_line0018_word0000" custom="readingOrder {index:0;}">
          <Coords points="1643,1225 1555,1225 1554,1261 1569,1262 1578,1258 1613,1258 1621,1262 1630,1262 1642,1258"/>
          <TextEquiv conf="0.9230858">
            <Unicode>gnug</Unicode>
          </TextEquiv>
        </Word>
        <Word id="region0015_line0018_word0001" custom="readingOrder {index:1;}">
          <Coords points="1739,1216 1652,1216 1651,1262 1659,1262 1665,1258 1672,1258 1685,1262 1705,1253 1719,1253 1724,1259 1735,1255 1738,1255"/>
          <TextEquiv conf="0.9230858">
            <Unicode>ſeyn,</Unicode>
          </TextEquiv>
        </Word>
        <Word id="region0015_line0018_word0002" custom="readingOrder {index:2;}">
          <Coords points="1829,1218 1765,1217 1764,1256 1809,1258 1828,1256"/>
          <TextEquiv conf="0.9304258">
            <Unicode>daß</Unicode>
          </TextEquiv>
        </Word>
        <Word id="region0015_line0018_word0003" custom="readingOrder {index:3;}">
          <Coords points="1924,1258 1925,1228 1846,1228 1845,1258 1846,1258 1896,1258 1905,1256 1910,1258"/>
          <TextEquiv conf="0.9327812">
            <Unicode>man</Unicode>
          </TextEquiv>
        </Word>
        <Word id="region0015_line0018_word0004" custom="readingOrder {index:4;}">
          <Coords points="1989,1219 1941,1219 1940,1259 1988,1259"/>
          <TextEquiv conf="0.9289491">
            <Unicode>die</Unicode>
          </TextEquiv>
        </Word>
        <Word id="region0015_line0018_word0005" custom="readingOrder {index:5;}">
          <Coords points="2136,1218 2007,1218 2006,1259 2013,1262 2083,1262 2098,1258 2122,1262 2135,1262"/>
          <TextEquiv conf="0.9173807">
            <Unicode>Worte</Unicode>
          </TextEquiv>
        </Word>
        <Word id="region0015_line0018_word0006" custom="readingOrder {index:6;}">
          <Coords points="2189,1220 2145,1219 2144,1259 2176,1259 2183,1257 2188,1257"/>
          <TextEquiv conf="0.9173807">
            <Unicode>im</Unicode>
          </TextEquiv>
        </Word>
        <Word id="region0015_line0018_word0007" custom="readingOrder {index:7;}">
          <Coords points="2204,1220 2203,1260 2216,1260 2224,1259 2227,1260 2329,1260 2345,1260 2346,1220 2314,1220"/>
          <TextEquiv conf="0.9194195">
            <Unicode>Sacra⸗</Unicode>
          </TextEquiv>
        </Word>
        <TextEquiv conf="0.92406356">
          <Unicode>gnug ſeyn, daß man die Worte im Sacra⸗</Unicode>
        </TextEquiv>
      </TextLine>
      <TextLine id="region0015_line0019" custom="readingOrder {index:18;}">
        <Coords points="1705,1254 1685,1263 1669,1259 1659,1263 1650,1263 1644,1259 1630,1263 1537,1261 1537,1306 1581,1303 1588,1307 1667,1307 1681,1304 1705,1312 1717,1307 1726,1307 1798,1309 1808,1313 1819,1310 1837,1314 1898,1307 1912,1311 1951,1312 1964,1317 1976,1313 1997,1313 2011,1308 2024,1311 2082,1312 2092,1317 2105,1312 2123,1312 2130,1308 2143,1308 2150,1312 2195,1314 2207,1319 2230,1314 2276,1314 2282,1311 2297,1315 2324,1316 2329,1319 2341,1315 2352,1316 2352,1265 2346,1265 2342,1261 2319,1262 2315,1265 2284,1265 2279,1262 2239,1265 2224,1260 2201,1263 2195,1258 2183,1258 2176,1261 2173,1265 2125,1264 2104,1259 2080,1264 2041,1265 2016,1264 2005,1260 1912,1261 1905,1257 1871,1262 1847,1260 1841,1256 1782,1260 1744,1259 1735,1256 1724,1260 1719,1254"/>
        <Baseline points="1537,1296 2352,1305"/>
        <Word id="region0015_line0019_word0000" custom="readingOrder {index:0;}">
          <Coords points="1641,1305 1641,1272 1554,1272 1554,1304 1581,1303 1584,1305"/>
          <TextEquiv conf="0.9263356">
            <Unicode>ment</Unicode>
          </TextEquiv>
        </Word>
        <Word id="region0015_line0019_word0001" custom="readingOrder {index:1;}">
          <Coords points="1718,1265 1654,1265 1654,1307 1667,1307 1681,1304 1705,1312 1717,1307 1718,1307"/>
          <TextEquiv conf="0.9261521">
            <Unicode>auf</Unicode>
          </TextEquiv>
        </Word>
        <Word id="region0015_line0019_word0002" custom="readingOrder {index:2;}">
          <Coords points="1849,1267 1729,1266 1729,1307 1798,1309 1808,1313 1819,1310 1836,1313 1837,1313 1849,1312"/>
          <TextEquiv conf="0.92585516">
            <Unicode>deutſch</Unicode>
          </TextEquiv>
        </Word>
        <Word id="region0015_line0019_word0003" custom="readingOrder {index:3;}">
          <Coords points="1972,1268 1862,1268 1862,1311 1898,1307 1912,1311 1951,1312 1961,1316 1967,1316 1972,1314"/>
          <TextEquiv conf="0.92720395">
            <Unicode>redet;</Unicode>
          </TextEquiv>
        </Word>
        <Word id="region0015_line0019_word0004" custom="readingOrder {index:4;}">
          <Coords points="1995,1268 2078,1268 2078,1307 1995,1307"/>
          <TextEquiv conf="0.92526126">
            <Unicode>denn</Unicode>
          </TextEquiv>
        </Word>
        <Word id="region0015_line0019_word0005" custom="readingOrder {index:5;}">
          <Coords points="2129,1268 2089,1268 2089,1314 2099,1314 2105,1312 2123,1312 2129,1308"/>
          <TextEquiv conf="0.9320426">
            <Unicode>ſie</Unicode>
          </TextEquiv>
        </Word>
        <Word id="region0015_line0019_word0006" custom="readingOrder {index:6;}">
          <Coords points="2174,1263 2173,1265 2144,1264 2144,1308 2150,1312 2195,1314 2198,1315 2222,1315 2230,1314 2262,1314 2262,1264 2253,1263 2239,1265 2235,1263"/>
          <TextEquiv conf="0.9319643">
            <Unicode>muͤſſen</Unicode>
          </TextEquiv>
        </Word>
        <Word id="region0015_line0019_word0007" custom="readingOrder {index:7;}">
          <Coords points="2347,1270 2271,1270 2271,1314 2276,1314 2282,1311 2297,1315 2324,1316 2325,1317 2335,1317 2341,1315 2347,1315"/>
          <TextEquiv conf="0.93263036">
            <Unicode>doch</Unicode>
          </TextEquiv>
        </Word>
        <TextEquiv conf="0.9284307">
          <Unicode>ment auf deutſch redet; denn ſie muͤſſen doch</Unicode>
        </TextEquiv>
      </TextLine>
      <TextLine id="region0015_line0020" custom="readingOrder {index:19;}">
        <Coords points="1575,1304 1563,1310 1537,1310 1537,1354 1560,1355 1574,1352 1580,1356 1593,1354 1614,1357 1691,1358 1712,1364 1727,1359 1760,1358 1810,1359 1828,1365 1877,1354 1890,1354 1896,1358 1910,1357 1914,1360 1963,1361 1985,1358 2020,1361 2048,1357 2056,1361 2072,1359 2078,1365 2086,1364 2091,1358 2099,1358 2106,1362 2128,1362 2132,1365 2147,1358 2162,1362 2198,1359 2215,1360 2226,1364 2352,1364 2352,1318 2348,1316 2329,1320 2324,1317 2297,1316 2282,1312 2273,1316 2239,1316 2207,1320 2198,1317 2151,1315 2143,1309 2130,1309 2121,1315 2092,1318 2080,1314 2028,1313 2011,1309 1997,1314 1976,1314 1964,1318 1951,1313 1912,1312 1898,1308 1837,1315 1827,1312 1808,1314 1801,1311 1756,1310 1715,1310 1705,1313 1681,1305 1665,1309 1589,1310 1584,1305"/>
        <Baseline points="1537,1344 2352,1354"/>
        <Word id="region0015_line0020_word0000" custom="readingOrder {index:0;}">
          <Coords points="1608,1313 1555,1313 1555,1354 1560,1355 1574,1352 1580,1356 1593,1354 1608,1356"/>
          <TextEquiv conf="0.92613035">
            <Unicode>ehe</Unicode>
          </TextEquiv>
        </Word>
        <Word id="region0015_line0020_word0001" custom="readingOrder {index:1;}">
          <Coords points="1627,1314 1693,1314 1693,1352 1627,1352"/>
          <TextEquiv conf="0.931102">
            <Unicode>und</Unicode>
          </TextEquiv>
        </Word>
        <Word id="region0015_line0020_word0002" custom="readingOrder {index:2;}">
          <Coords points="1805,1321 1709,1321 1709,1361 1721,1361 1727,1359 1760,1358 1805,1358"/>
          <TextEquiv conf="0.9318212">
            <Unicode>zuvor</Unicode>
          </TextEquiv>
        </Word>
        <Word id="region0015_line0020_word0003" custom="readingOrder {index:3;}">
          <Coords points="1819,1314 1819,1359 1853,1359 1877,1354 1890,1354 1896,1358 1910,1357 1913,1359 1927,1360 1927,1315 1843,1314 1837,1315 1834,1314"/>
          <TextEquiv conf="0.9299764">
            <Unicode>geredt</Unicode>
          </TextEquiv>
        </Word>
        <Word id="region0015_line0020_word0004" custom="readingOrder {index:4;}">
          <Coords points="1942,1315 1942,1360 1963,1361 1985,1358 2020,1361 2048,1357 2056,1361 2072,1359 2074,1361 2088,1361 2088,1316 2083,1315 1973,1315 1964,1318 1956,1315"/>
          <TextEquiv conf="0.928386">
            <Unicode>werden,</Unicode>
          </TextEquiv>
        </Word>
        <Word id="region0015_line0020_word0005" custom="readingOrder {index:5;}">
          <Coords points="2124,1313 2121,1315 2113,1315 2113,1359 2144,1359 2147,1358 2150,1359 2167,1359 2167,1315 2151,1315 2148,1313"/>
          <TextEquiv conf="0.9261447">
            <Unicode>ehe</Unicode>
          </TextEquiv>
        </Word>
        <Word id="region0015_line0020_word0006" custom="readingOrder {index:6;}">
          <Coords points="2179,1323 2258,1323 2258,1355 2179,1355"/>
          <TextEquiv conf="0.9270497">
            <Unicode>man</Unicode>
          </TextEquiv>
        </Word>
        <Word id="region0015_line0020_word0007" custom="readingOrder {index:7;}">
          <Coords points="2282,1317 2282,1355 2347,1355 2347,1317 2343,1317 2329,1320 2324,1317"/>
          <TextEquiv conf="0.9315249">
            <Unicode>das</Unicode>
          </TextEquiv>
        </Word>
        <TextEquiv conf="0.9290169">
          <Unicode>ehe und zuvor geredt werden, ehe man das</Unicode>
        </TextEquiv>
      </TextLine>
      <TextLine id="region0015_line0021" custom="readingOrder {index:20;}">
        <Coords points="1568,1353 1560,1356 1537,1355 1537,1408 1569,1404 1577,1410 1625,1409 1662,1407 1670,1402 1683,1402 1689,1406 1706,1402 1720,1403 1727,1407 1757,1408 1795,1404 1803,1408 1833,1411 1851,1406 1856,1412 1863,1414 1870,1413 1873,1408 1879,1406 1889,1407 1898,1414 1949,1406 1963,1410 2022,1411 2028,1415 2039,1415 2074,1407 2102,1412 2124,1407 2130,1409 2133,1415 2140,1417 2151,1412 2178,1413 2189,1418 2202,1413 2228,1411 2245,1418 2253,1414 2279,1414 2288,1410 2301,1419 2317,1410 2329,1413 2352,1410 2352,1369 2348,1368 2228,1367 2215,1361 2198,1360 2178,1361 2172,1365 2163,1365 2158,1360 2147,1359 2132,1366 2107,1364 2099,1359 2091,1359 2086,1365 2078,1366 2072,1360 2056,1362 2048,1358 2020,1362 1985,1359 1915,1363 1910,1358 1896,1359 1890,1355 1865,1356 1853,1363 1828,1366 1810,1361 1771,1359 1725,1361 1712,1365 1702,1361 1633,1360 1593,1355 1580,1357"/>
        <Baseline points="1537,1396 2352,1400"/>
        <Word id="region0015_line0021_word0000" custom="readingOrder {index:0;}">
          <Coords points="1770,1366 1557,1366 1557,1405 1569,1404 1575,1409 1625,1409 1662,1407 1670,1402 1683,1402 1689,1406 1706,1402 1720,1403 1727,1407 1757,1408 1770,1406"/>
          <TextEquiv conf="0.9259295">
            <Unicode>Sacrament</Unicode>
          </TextEquiv>
        </Word>
        <Word id="region0015_line0021_word0001" custom="readingOrder {index:1;}">
          <Coords points="1785,1361 1785,1405 1795,1404 1803,1408 1833,1411 1851,1406 1855,1411 1870,1411 1873,1408 1879,1406 1889,1407 1894,1411 1912,1411 1949,1406 1963,1410 1963,1362 1935,1361 1915,1363 1913,1361 1855,1361 1853,1363 1828,1366 1810,1361"/>
          <TextEquiv conf="0.9269207">
            <Unicode>empfaͤhet,</Unicode>
          </TextEquiv>
        </Word>
        <Word id="region0015_line0021_word0002" custom="readingOrder {index:2;}">
          <Coords points="2050,1412 2050,1366 1987,1366 1987,1410 2022,1411 2023,1412"/>
          <TextEquiv conf="0.9277352">
            <Unicode>daß</Unicode>
          </TextEquiv>
        </Word>
        <Word id="region0015_line0021_word0003" custom="readingOrder {index:3;}">
          <Coords points="2066,1367 2115,1367 2115,1407 2066,1407"/>
          <TextEquiv conf="0.9277352">
            <Unicode>die</Unicode>
          </TextEquiv>
        </Word>
        <Word id="region0015_line0021_word0004" custom="readingOrder {index:4;}">
          <Coords points="2165,1367 2135,1367 2135,1414 2146,1414 2151,1412 2165,1412"/>
          <TextEquiv conf="0.92710876">
            <Unicode>ſo</Unicode>
          </TextEquiv>
        </Word>
        <Word id="region0015_line0021_word0005" custom="readingOrder {index:5;}">
          <Coords points="2182,1367 2182,1414 2199,1414 2202,1413 2228,1411 2235,1414 2253,1414 2273,1414 2273,1367 2228,1367"/>
          <TextEquiv conf="0.92710876">
            <Unicode>hinzu</Unicode>
          </TextEquiv>
        </Word>
        <Word id="region0015_line0021_word0006" custom="readingOrder {index:6;}">
          <Coords points="2346,1376 2292,1376 2292,1413 2292,1413 2312,1413 2317,1410 2329,1413 2346,1411"/>
          <TextEquiv conf="0.80926675">
            <Unicode>ge⸗</Unicode>
          </TextEquiv>
        </Word>
        <TextEquiv conf="0.9102578">
          <Unicode>Sacrament empfaͤhet, daß die ſo hinzu ge⸗</Unicode>
        </TextEquiv>
      </TextLine>
      <TextLine id="region0015_line0022" custom="readingOrder {index:21;}">
        <Coords points="1670,1403 1661,1411 1577,1411 1569,1405 1537,1409 1537,1457 1559,1454 1575,1458 1610,1453 1619,1460 1630,1456 1694,1458 1700,1454 1705,1457 1735,1454 1794,1458 1840,1457 1851,1460 1857,1456 1908,1454 1931,1458 1944,1465 1953,1465 1959,1460 1974,1461 1985,1458 1995,1458 2007,1466 2020,1461 2062,1461 2068,1458 2079,1464 2157,1462 2163,1459 2196,1464 2304,1465 2309,1468 2316,1468 2326,1461 2352,1465 2352,1415 2345,1413 2330,1415 2317,1411 2302,1420 2288,1411 2278,1416 2253,1415 2245,1419 2231,1412 2189,1419 2181,1416 2149,1415 2140,1418 2133,1416 2130,1410 2124,1408 2113,1409 2104,1414 2074,1408 2059,1413 2028,1416 1965,1412 1949,1407 1931,1412 1898,1415 1889,1408 1879,1407 1873,1409 1870,1414 1863,1415 1856,1413 1851,1407 1837,1412 1803,1409 1795,1405 1728,1410 1720,1404 1701,1403 1689,1407 1683,1403"/>
        <Baseline points="1537,1446 2352,1454"/>
        <Word id="region0015_line0022_word0000" custom="readingOrder {index:0;}">
          <Coords points="1625,1415 1556,1415 1556,1454 1559,1454 1575,1458 1610,1453 1619,1460 1625,1457"/>
          <TextEquiv conf="0.9220868">
            <Unicode>hen,</Unicode>
          </TextEquiv>
        </Word>
        <Word id="region0015_line0022_word0001" custom="readingOrder {index:1;}">
          <Coords points="1664,1408 1661,1411 1642,1411 1642,1456 1694,1458 1700,1454 1705,1457 1735,1454 1781,1457 1781,1408 1754,1408 1728,1410 1725,1408"/>
          <TextEquiv conf="0.9173898">
            <Unicode>muͤſſens</Unicode>
          </TextEquiv>
        </Word>
        <Word id="region0015_line0022_word0002" custom="readingOrder {index:2;}">
          <Coords points="1861,1417 1786,1416 1786,1457 1794,1458 1840,1457 1851,1460 1857,1456 1861,1455"/>
          <TextEquiv conf="0.9260865">
            <Unicode>doch</Unicode>
          </TextEquiv>
        </Word>
        <Word id="region0015_line0022_word0003" custom="readingOrder {index:3;}">
          <Coords points="1919,1417 1875,1417 1875,1455 1908,1454 1919,1455"/>
          <TextEquiv conf="0.92697835">
            <Unicode>im</Unicode>
          </TextEquiv>
        </Word>
        <Word id="region0015_line0022_word0004" custom="readingOrder {index:4;}">
          <Coords points="1928,1415 1928,1457 1931,1458 1944,1465 1953,1465 1959,1460 1974,1461 1985,1458 1995,1458 2005,1465 2009,1465 2020,1461 2053,1461 2053,1415 2038,1415 2028,1416 2012,1415"/>
          <TextEquiv conf="0.92697835">
            <Unicode>Herzen</Unicode>
          </TextEquiv>
        </Word>
        <Word id="region0015_line0022_word0005" custom="readingOrder {index:5;}">
          <Coords points="2069,1415 2069,1458 2075,1462 2157,1462 2163,1459 2171,1460 2171,1415 2149,1415 2140,1418 2133,1416 2132,1415"/>
          <TextEquiv conf="0.9284117">
            <Unicode>haben</Unicode>
          </TextEquiv>
        </Word>
        <Word id="region0015_line0022_word0006" custom="readingOrder {index:6;}">
          <Coords points="2184,1419 2250,1419 2250,1458 2184,1458"/>
          <TextEquiv conf="0.9309453">
            <Unicode>und</Unicode>
          </TextEquiv>
        </Word>
        <Word id="region0015_line0022_word0007" custom="readingOrder {index:7;}">
          <Coords points="2260,1417 2260,1462 2324,1462 2326,1461 2332,1462 2345,1462 2345,1417 2307,1417 2302,1420 2297,1417"/>
          <TextEquiv conf="0.9299475">
            <Unicode>nicht</Unicode>
          </TextEquiv>
        </Word>
        <TextEquiv conf="0.92610306">
          <Unicode>hen, muͤſſens doch im Herzen haben und nicht</Unicode>
        </TextEquiv>
      </TextLine>
      <TextLine id="region0015_line0023" custom="readingOrder {index:22;}">
        <Coords points="1607,1454 1599,1458 1584,1459 1568,1459 1556,1455 1547,1461 1537,1461 1538,1504 1642,1504 1649,1508 1667,1509 1675,1505 1686,1505 1691,1509 1714,1509 1724,1505 1732,1510 1739,1510 1794,1507 1837,1501 1840,1505 1876,1512 1985,1510 2015,1511 2024,1516 2056,1512 2063,1508 2095,1508 2107,1512 2124,1512 2139,1507 2152,1510 2160,1506 2168,1506 2178,1514 2255,1514 2278,1520 2290,1516 2353,1515 2352,1468 2345,1468 2339,1462 2326,1462 2316,1469 2309,1469 2181,1465 2175,1460 2163,1460 2156,1464 2079,1465 2068,1459 2060,1463 2022,1463 2007,1467 1995,1459 1959,1461 1953,1466 1944,1466 1931,1459 1908,1455 1857,1457 1851,1461 1834,1458 1777,1461 1735,1455 1714,1458 1700,1455 1694,1459 1627,1458 1619,1461"/>
        <Baseline points="1538,1494 2352,1504"/>
        <Word id="region0015_line0023_word0000" custom="readingOrder {index:0;}">
          <Coords points="1587,1467 1556,1467 1556,1504 1587,1504"/>
          <TextEquiv conf="0.9322681">
            <Unicode>in</Unicode>
          </TextEquiv>
        </Word>
        <Word id="region0015_line0023_word0001" custom="readingOrder {index:1;}">
          <Coords points="1666,1506 1666,1467 1608,1467 1608,1504 1642,1504 1645,1506"/>
          <TextEquiv conf="0.900401">
            <Unicode>den</Unicode>
          </TextEquiv>
        </Word>
        <Word id="region0015_line0023_word0002" custom="readingOrder {index:2;}">
          <Coords points="1810,1466 1681,1466 1681,1505 1686,1505 1691,1509 1714,1509 1724,1505 1732,1510 1739,1510 1794,1507 1810,1504"/>
          <TextEquiv conf="0.900401">
            <Unicode>Ohren.</Unicode>
          </TextEquiv>
        </Word>
        <Word id="region0015_line0023_word0003" custom="readingOrder {index:3;}">
          <Coords points="1967,1467 1862,1467 1862,1509 1870,1511 1930,1511 1967,1510"/>
          <TextEquiv conf="0.9274553">
            <Unicode>Was</Unicode>
          </TextEquiv>
        </Word>
        <Word id="region0015_line0023_word0004" custom="readingOrder {index:4;}">
          <Coords points="2055,1469 1981,1469 1981,1510 1985,1510 2015,1511 2020,1514 2040,1514 2055,1512"/>
          <TextEquiv conf="0.930727">
            <Unicode>liegt</Unicode>
          </TextEquiv>
        </Word>
        <Word id="region0015_line0023_word0005" custom="readingOrder {index:5;}">
          <Coords points="2069,1468 2150,1468 2150,1507 2069,1507"/>
          <TextEquiv conf="0.9290573">
            <Unicode>denn</Unicode>
          </TextEquiv>
        </Word>
        <Word id="region0015_line0023_word0006" custom="readingOrder {index:6;}">
          <Coords points="2165,1467 2165,1506 2168,1506 2178,1514 2255,1514 2257,1514 2287,1515 2287,1468 2273,1467"/>
          <TextEquiv conf="0.9233757">
            <Unicode>daran,</Unicode>
          </TextEquiv>
        </Word>
        <Word id="region0015_line0023_word0007" custom="readingOrder {index:7;}">
          <Coords points="2318,1467 2316,1469 2309,1469 2304,1468 2304,1509 2345,1509 2345,1468 2344,1467"/>
          <TextEquiv conf="0.92735296">
            <Unicode>ob</Unicode>
          </TextEquiv>
        </Word>
        <TextEquiv conf="0.9213798">
          <Unicode>in den Ohren. Was liegt denn daran, ob</Unicode>
        </TextEquiv>
      </TextLine>
      <TextLine id="region0015_line0024" custom="readingOrder {index:23;}">
        <Coords points="1830,1502 1782,1510 1739,1511 1732,1511 1724,1506 1714,1510 1691,1510 1686,1506 1652,1510 1642,1505 1624,1508 1607,1504 1599,1508 1585,1508 1577,1504 1561,1503 1550,1508 1538,1508 1538,1554 1554,1558 1566,1552 1584,1557 1653,1557 1699,1553 1706,1557 1764,1557 1814,1561 1872,1562 1877,1558 1915,1561 1930,1557 1939,1560 1977,1561 1994,1557 2025,1557 2043,1561 2072,1559 2081,1562 2091,1559 2103,1563 2131,1562 2136,1567 2147,1567 2153,1563 2176,1564 2190,1559 2204,1561 2213,1557 2222,1558 2226,1566 2231,1568 2243,1563 2353,1563 2353,1518 2288,1518 2278,1521 2255,1515 2179,1517 2168,1507 2152,1511 2139,1508 2124,1513 2104,1513 2095,1509 2063,1509 2055,1514 2030,1517 2015,1512 1902,1514 1876,1513"/>
        <Baseline points="1538,1544 2353,1553"/>
        <Word id="region0015_line0024_word0000" custom="readingOrder {index:0;}">
          <Coords points="1594,1513 1554,1513 1554,1558 1566,1552 1584,1557 1594,1557"/>
          <TextEquiv conf="0.93046033">
            <Unicode>ſie</Unicode>
          </TextEquiv>
        </Word>
        <Word id="region0015_line0024_word0001" custom="readingOrder {index:1;}">
          <Coords points="1608,1514 1657,1514 1657,1553 1608,1553"/>
          <TextEquiv conf="0.93046033">
            <Unicode>die</Unicode>
          </TextEquiv>
        </Word>
        <Word id="region0015_line0024_word0002" custom="readingOrder {index:2;}">
          <Coords points="1730,1509 1724,1506 1714,1510 1691,1510 1691,1553 1699,1553 1706,1557 1730,1557"/>
          <TextEquiv conf="0.9262799">
            <Unicode>in</Unicode>
          </TextEquiv>
        </Word>
        <Word id="region0015_line0024_word0003" custom="readingOrder {index:3;}">
          <Coords points="1723,1514 1793,1514 1793,1553 1723,1553"/>
          <TextEquiv conf="0.9299426">
            <Unicode>dem</Unicode>
          </TextEquiv>
        </Word>
        <Word id="region0015_line0024_word0004" custom="readingOrder {index:4;}">
          <Coords points="1807,1510 1807,1555 2022,1556 2022,1514 2015,1512 1902,1514 1876,1513 1864,1510"/>
          <TextEquiv conf="0.92785734">
            <Unicode>Sacrament</Unicode>
          </TextEquiv>
        </Word>
        <Word id="region0015_line0024_word0005" custom="readingOrder {index:5;}">
          <Coords points="2056,1513 2055,1514 2038,1516 2038,1556 2120,1556 2120,1513 2104,1513"/>
          <TextEquiv conf="0.927657">
            <Unicode>nicht</Unicode>
          </TextEquiv>
        </Word>
        <Word id="region0015_line0024_word0006" custom="readingOrder {index:6;}">
          <Coords points="2135,1509 2132,1510 2132,1561 2183,1561 2190,1559 2204,1561 2213,1557 2222,1558 2223,1561 2240,1562 2240,1515 2179,1517 2170,1509 2159,1509 2152,1511 2143,1509"/>
          <TextEquiv conf="0.9158509">
            <Unicode>hoͤren,</Unicode>
          </TextEquiv>
        </Word>
        <Word id="region0015_line0024_word0007" custom="readingOrder {index:7;}">
          <Coords points="2249,1521 2345,1521 2345,1554 2249,1554"/>
          <TextEquiv conf="0.92864">
            <Unicode>wenn</Unicode>
          </TextEquiv>
        </Word>
        <TextEquiv conf="0.9271436">
          <Unicode>ſie die in dem Sacrament nicht hoͤren, wenn</Unicode>
        </TextEquiv>
      </TextLine>
      <TextLine id="region0015_line0025" custom="readingOrder {index:24;}">
        <Coords points="1566,1553 1554,1559 1538,1558 1537,1607 1545,1607 1551,1612 1561,1612 1567,1606 1587,1607 1597,1602 1615,1606 1654,1602 1663,1606 1690,1608 1700,1604 1712,1608 1743,1604 1749,1609 1773,1613 1782,1609 1855,1610 1871,1607 1905,1610 1909,1607 1919,1607 1924,1610 1990,1612 2004,1617 2029,1608 2046,1608 2052,1612 2081,1608 2095,1616 2103,1616 2110,1611 2124,1608 2143,1616 2180,1615 2190,1619 2203,1614 2352,1614 2353,1565 2338,1565 2333,1562 2303,1566 2259,1564 2256,1567 2231,1569 2225,1566 2222,1559 2213,1558 2204,1562 2183,1561 2175,1566 2136,1568 2131,1563 2105,1565 2091,1560 2081,1563 2072,1560 2043,1562 2025,1558 1994,1558 1977,1562 1942,1562 1930,1558 1918,1562 1898,1563 1890,1559 1877,1559 1872,1563 1814,1562 1759,1558 1715,1560 1699,1554 1681,1555 1676,1559 1586,1560 1580,1555"/>
        <Baseline points="1537,1595 2352,1604"/>
        <Word id="region0015_line0025_word0000" custom="readingOrder {index:0;}">
          <Coords points="1593,1566 1553,1566 1552,1612 1561,1612 1567,1606 1587,1607 1592,1604"/>
          <TextEquiv conf="0.93041414">
            <Unicode>ſie</Unicode>
          </TextEquiv>
        </Word>
        <Word id="region0015_line0025_word0001" custom="readingOrder {index:1;}">
          <Coords points="1669,1605 1670,1575 1608,1575 1607,1604 1610,1605 1624,1605 1654,1602 1660,1605"/>
          <TextEquiv conf="0.9307049">
            <Unicode>nur</Unicode>
          </TextEquiv>
        </Word>
        <Word id="region0015_line0025_word0002" custom="readingOrder {index:2;}">
          <Coords points="1757,1610 1758,1564 1685,1564 1684,1607 1690,1608 1700,1604 1712,1608 1743,1604 1749,1609 1755,1610"/>
          <TextEquiv conf="0.9309682">
            <Unicode>hart</Unicode>
          </TextEquiv>
        </Word>
        <Word id="region0015_line0025_word0003" custom="readingOrder {index:3;}">
          <Coords points="1861,1573 1766,1572 1765,1611 1767,1612 1775,1612 1782,1609 1855,1610 1860,1609"/>
          <TextEquiv conf="0.92853546">
            <Unicode>zuvor</Unicode>
          </TextEquiv>
        </Word>
        <Word id="region0015_line0025_word0004" custom="readingOrder {index:4;}">
          <Coords points="1877,1568 1910,1568 1909,1607 1876,1607"/>
          <TextEquiv conf="0.93201506">
            <Unicode>in</Unicode>
          </TextEquiv>
        </Word>
        <Word id="region0015_line0025_word0005" custom="readingOrder {index:5;}">
          <Coords points="1927,1568 1980,1568 1979,1607 1926,1607"/>
          <TextEquiv conf="0.9313145">
            <Unicode>der</Unicode>
          </TextEquiv>
        </Word>
        <Word id="region0015_line0025_word0006" custom="readingOrder {index:6;}">
          <Coords points="2131,1567 1991,1567 1990,1612 1998,1615 2009,1615 2029,1608 2046,1608 2052,1612 2081,1608 2093,1615 2104,1615 2110,1611 2124,1608 2130,1610"/>
          <TextEquiv conf="0.9283425">
            <Unicode>Predigt</Unicode>
          </TextEquiv>
        </Word>
        <Word id="region0015_line0025_word0007" custom="readingOrder {index:7;}">
          <Coords points="2207,1560 2204,1562 2183,1561 2175,1566 2143,1567 2143,1613 2273,1614 2273,1565 2264,1567 2262,1568 2255,1565 2256,1567 2231,1569 2225,1566 2222,1560"/>
          <TextEquiv conf="0.9290118">
            <Unicode>gehoͤret</Unicode>
          </TextEquiv>
        </Word>
        <Word id="region0015_line0025_word0008" custom="readingOrder {index:8;}">
          <Coords points="2348,1565 2338,1565 2333,1562 2303,1566 2292,1565 2292,1614 2348,1614"/>
          <TextEquiv conf="0.9314382">
            <Unicode>und</Unicode>
          </TextEquiv>
        </Word>
        <TextEquiv conf="0.930305">
          <Unicode>ſie nur hart zuvor in der Predigt gehoͤret und</Unicode>
        </TextEquiv>
      </TextLine>
      <TextLine id="region0015_line0026" custom="readingOrder {index:25;}">
        <Coords points="1597,1603 1584,1610 1568,1610 1561,1613 1537,1612 1537,1661 1566,1662 1586,1658 1597,1660 1611,1654 1623,1654 1631,1660 1646,1660 1655,1654 1666,1654 1693,1662 1701,1662 1708,1658 1767,1659 1783,1655 1793,1664 1803,1660 1872,1661 1881,1657 1895,1660 1947,1657 1956,1660 1968,1656 1979,1657 1984,1661 2027,1662 2037,1666 2067,1659 2081,1662 2139,1662 2143,1659 2154,1659 2159,1662 2234,1665 2275,1664 2295,1660 2303,1665 2352,1665 2352,1618 2200,1617 2190,1620 2166,1615 2150,1618 2124,1609 2110,1612 2103,1617 2095,1617 2081,1609 2061,1613 2052,1613 2046,1609 2029,1609 2004,1618 1992,1614 1924,1611 1919,1608 1909,1608 1905,1611 1871,1608 1861,1611 1780,1611 1763,1614 1750,1611 1743,1605 1718,1610 1708,1609 1703,1605 1690,1609 1663,1607 1654,1603 1636,1603 1624,1607"/>
        <Baseline points="1537,1648 2352,1654"/>
        <Word id="region0015_line0026_word0000" custom="readingOrder {index:0;}">
          <Coords points="1552,1613 1552,1661 1571,1661 1586,1658 1597,1660 1611,1654 1623,1654 1631,1660 1646,1660 1655,1654 1666,1654 1679,1657 1679,1613 1561,1613"/>
          <TextEquiv conf="0.9117289">
            <Unicode>gefaſſet</Unicode>
          </TextEquiv>
        </Word>
        <Word id="region0015_line0026_word0001" custom="readingOrder {index:1;}">
          <Coords points="1688,1614 1688,1660 1693,1662 1701,1662 1708,1658 1767,1659 1783,1655 1790,1662 1798,1662 1802,1660 1802,1614 1763,1614"/>
          <TextEquiv conf="0.9117289">
            <Unicode>haben,</Unicode>
          </TextEquiv>
        </Word>
        <Word id="region0015_line0026_word0002" custom="readingOrder {index:2;}">
          <Coords points="1827,1617 1894,1617 1894,1656 1827,1656"/>
          <TextEquiv conf="0.9305289">
            <Unicode>und</Unicode>
          </TextEquiv>
        </Word>
        <Word id="region0015_line0026_word0003" custom="readingOrder {index:3;}">
          <Coords points="1910,1616 1910,1659 1947,1657 1956,1660 1968,1656 1979,1657 1984,1661 2027,1662 2052,1662 2052,1616 2009,1616 2004,1618 1998,1616"/>
          <TextEquiv conf="0.92663276">
            <Unicode>darnach</Unicode>
          </TextEquiv>
        </Word>
        <Word id="region0015_line0026_word0004" custom="readingOrder {index:4;}">
          <Coords points="2070,1616 2070,1656 2244,1657 2244,1617 2200,1617 2190,1620 2173,1616 2157,1616 2150,1618 2145,1616 2104,1616 2103,1617 2095,1617 2093,1616"/>
          <TextEquiv conf="0.9206222">
            <Unicode>bekennen:</Unicode>
          </TextEquiv>
        </Word>
        <Word id="region0015_line0026_word0005" custom="readingOrder {index:5;}">
          <Coords points="2264,1626 2346,1626 2346,1656 2264,1656"/>
          <TextEquiv conf="0.92517835">
            <Unicode>man</Unicode>
          </TextEquiv>
        </Word>
        <TextEquiv conf="0.92107004">
          <Unicode>gefaſſet haben, und darnach bekennen: man</Unicode>
        </TextEquiv>
      </TextLine>
      <TextLine id="region0015_line0027" custom="readingOrder {index:26;}">
        <Coords points="1611,1655 1597,1661 1586,1659 1566,1663 1537,1662 1537,1705 1570,1706 1584,1703 1601,1706 1610,1703 1655,1703 1659,1706 1691,1707 1769,1703 1805,1708 1855,1710 1870,1707 1876,1715 1899,1707 1921,1714 1949,1707 1957,1707 1972,1713 2021,1708 2027,1715 2032,1716 2039,1715 2045,1709 2092,1713 2099,1709 2108,1709 2115,1713 2146,1712 2150,1709 2162,1709 2170,1713 2183,1710 2190,1719 2199,1719 2206,1714 2234,1711 2255,1715 2262,1715 2268,1711 2282,1711 2286,1717 2292,1718 2352,1718 2352,1667 2324,1665 2318,1668 2303,1668 2295,1661 2281,1662 2273,1668 2174,1664 2154,1660 2118,1664 2067,1660 2037,1667 2029,1664 1985,1663 1975,1657 1956,1661 1931,1658 1916,1663 1898,1664 1892,1659 1881,1658 1873,1663 1803,1661 1793,1665 1783,1656 1772,1657 1766,1662 1707,1660 1693,1663 1666,1655 1655,1655 1646,1661 1631,1661 1623,1655"/>
        <Baseline points="1537,1694 2352,1707"/>
        <Word id="region0015_line0027_word0000" custom="readingOrder {index:0;}">
          <Coords points="1642,1667 1553,1667 1553,1705 1574,1705 1584,1703 1595,1705 1604,1705 1610,1703 1642,1703"/>
          <TextEquiv conf="0.9280104">
            <Unicode>wollt</Unicode>
          </TextEquiv>
        </Word>
        <Word id="region0015_line0027_word0001" custom="readingOrder {index:1;}">
          <Coords points="1739,1666 1658,1666 1658,1705 1730,1705 1739,1704"/>
          <TextEquiv conf="0.9245573">
            <Unicode>denn</Unicode>
          </TextEquiv>
        </Word>
        <Word id="region0015_line0027_word0002" custom="readingOrder {index:2;}">
          <Coords points="1856,1706 1856,1666 1755,1665 1755,1703 1769,1703 1785,1705"/>
          <TextEquiv conf="0.9256406">
            <Unicode>einem</Unicode>
          </TextEquiv>
        </Word>
        <Word id="region0015_line0027_word0003" custom="readingOrder {index:3;}">
          <Coords points="1876,1665 1876,1713 1881,1713 1899,1707 1917,1713 1925,1713 1949,1707 1957,1707 1972,1713 2021,1708 2025,1713 2041,1713 2042,1712 2042,1665 2037,1667 2031,1665"/>
          <TextEquiv conf="0.92274964">
            <Unicode>jeglichen,</Unicode>
          </TextEquiv>
        </Word>
        <Word id="region0015_line0027_word0004" custom="readingOrder {index:4;}">
          <Coords points="2067,1668 2122,1668 2122,1707 2067,1707"/>
          <TextEquiv conf="0.93159264">
            <Unicode>der</Unicode>
          </TextEquiv>
        </Word>
        <Word id="region0015_line0027_word0005" custom="readingOrder {index:5;}">
          <Coords points="2224,1667 2145,1666 2145,1712 2146,1712 2150,1709 2162,1709 2170,1713 2183,1710 2186,1714 2208,1714 2224,1712"/>
          <TextEquiv conf="0.92987067">
            <Unicode>dazu</Unicode>
          </TextEquiv>
        </Word>
        <Word id="region0015_line0027_word0006" custom="readingOrder {index:6;}">
          <Coords points="2277,1665 2273,1668 2245,1666 2245,1713 2265,1713 2268,1711 2282,1711 2283,1713 2346,1713 2346,1666 2324,1665 2318,1668 2303,1668 2299,1665"/>
          <TextEquiv conf="0.9292234">
            <Unicode>gehet,</Unicode>
          </TextEquiv>
        </Word>
        <TextEquiv conf="0.9273778">
          <Unicode>wollt denn einem jeglichen, der dazu gehet,</Unicode>
        </TextEquiv>
      </TextLine>
      <TextLine id="region0015_line0028" custom="readingOrder {index:27;}">
        <Coords points="1578,1704 1570,1707 1537,1706 1537,1755 1585,1752 1606,1762 1625,1756 1770,1759 1782,1755 1797,1758 1822,1758 1831,1756 1858,1759 1890,1758 1900,1763 1910,1757 1927,1755 2002,1761 2008,1765 2019,1765 2027,1761 2105,1763 2152,1761 2157,1758 2205,1765 2217,1765 2224,1761 2243,1765 2261,1761 2270,1768 2341,1761 2352,1763 2352,1719 2292,1719 2286,1718 2282,1712 2268,1712 2262,1716 2234,1712 2206,1715 2199,1720 2190,1720 2183,1711 2170,1714 2162,1710 2150,1710 2144,1714 2118,1715 2108,1710 2099,1710 2092,1715 2073,1715 2068,1712 2045,1710 2039,1716 2032,1717 2027,1716 2021,1709 1972,1714 1957,1708 1949,1708 1921,1715 1899,1708 1891,1713 1876,1716 1870,1708 1845,1712 1769,1704 1716,1705 1688,1709 1662,1708 1655,1704 1610,1704 1594,1708"/>
        <Baseline points="1537,1744 2352,1752"/>
        <Word id="region0015_line0028_word0000" custom="readingOrder {index:0;}">
          <Coords points="1701,1717 1553,1717 1553,1754 1585,1752 1606,1762 1625,1756 1701,1757"/>
          <TextEquiv conf="0.92555666">
            <Unicode>dieſelben</Unicode>
          </TextEquiv>
        </Word>
        <Word id="region0015_line0028_word0001" custom="readingOrder {index:1;}">
          <Coords points="1838,1719 1725,1718 1725,1758 1770,1759 1782,1755 1797,1758 1822,1758 1831,1756 1838,1756"/>
          <TextEquiv conf="0.9296779">
            <Unicode>Wort</Unicode>
          </TextEquiv>
        </Word>
        <Word id="region0015_line0028_word0002" custom="readingOrder {index:2;}">
          <Coords points="2068,1718 1860,1718 1860,1758 1890,1758 1900,1763 1910,1757 1927,1755 2002,1761 2008,1765 2019,1765 2027,1761 2068,1762"/>
          <TextEquiv conf="0.9276317">
            <Unicode>inſonderheit</Unicode>
          </TextEquiv>
        </Word>
        <Word id="region0015_line0028_word0003" custom="readingOrder {index:3;}">
          <Coords points="2097,1719 2130,1719 2130,1759 2097,1759"/>
          <TextEquiv conf="0.93222153">
            <Unicode>in</Unicode>
          </TextEquiv>
        </Word>
        <Word id="region0015_line0028_word0004" custom="readingOrder {index:4;}">
          <Coords points="2153,1718 2153,1758 2157,1758 2157,1758 2158,1758 2201,1759 2201,1719 2200,1719 2199,1720 2190,1720 2189,1719"/>
          <TextEquiv conf="0.92265105">
            <Unicode>die</Unicode>
          </TextEquiv>
        </Word>
        <Word id="region0015_line0028_word0005" custom="readingOrder {index:5;}">
          <Coords points="2224,1719 2224,1761 2243,1765 2261,1761 2266,1765 2300,1765 2341,1761 2345,1761 2345,1719 2292,1719"/>
          <TextEquiv conf="0.9210598">
            <Unicode>Ohren</Unicode>
          </TextEquiv>
        </Word>
        <TextEquiv conf="0.9264664">
          <Unicode>dieſelben Wort inſonderheit in die Ohren</Unicode>
        </TextEquiv>
      </TextLine>
      <TextLine id="region0015_line0029" custom="readingOrder {index:28;}">
        <Coords points="1563,1753 1537,1756 1539,1806 1555,1807 1566,1803 1580,1811 1589,1811 1596,1807 1627,1807 1633,1811 1642,1811 1649,1807 1698,1809 1709,1804 1717,1808 1758,1808 1764,1804 1783,1807 1803,1803 1809,1806 1825,1805 1855,1810 1882,1809 1899,1805 1916,1811 1962,1811 1968,1808 1986,1811 1989,1808 2002,1808 2006,1811 2063,1810 2082,1813 2111,1812 2131,1807 2158,1817 2170,1812 2352,1817 2352,1764 2348,1762 2282,1769 2270,1769 2261,1762 2241,1767 2232,1762 2224,1762 2212,1767 2182,1765 2167,1759 2157,1759 2149,1763 2028,1763 2008,1766 1950,1756 1910,1758 1900,1764 1890,1759 1870,1761 1839,1757 1822,1759 1782,1756 1770,1760 1614,1760 1606,1763 1585,1753"/>
        <Baseline points="1538,1794 2352,1807"/>
        <Word id="region0015_line0029_word0000" custom="readingOrder {index:0;}">
          <Coords points="1710,1765 1552,1765 1552,1806 1555,1807 1566,1803 1580,1811 1589,1811 1596,1807 1627,1807 1633,1811 1642,1811 1649,1807 1698,1809 1709,1804 1710,1804"/>
          <TextEquiv conf="0.77097857">
            <Unicode>ſchreyen,</Unicode>
          </TextEquiv>
        </Word>
        <Word id="region0015_line0029_word0001" custom="readingOrder {index:1;}">
          <Coords points="1802,1765 1735,1765 1735,1804 1764,1804 1798,1804 1802,1803"/>
          <TextEquiv conf="0.92756486">
            <Unicode>und</Unicode>
          </TextEquiv>
        </Word>
        <Word id="region0015_line0029_word0002" custom="readingOrder {index:2;}">
          <Coords points="1893,1806 1893,1767 1829,1767 1829,1805 1831,1806"/>
          <TextEquiv conf="0.93017066">
            <Unicode>das</Unicode>
          </TextEquiv>
        </Word>
        <Word id="region0015_line0029_word0003" custom="readingOrder {index:3;}">
          <Coords points="1917,1765 1917,1809 1966,1809 1968,1808 1974,1809 1988,1809 1989,1808 2002,1808 2003,1809 2123,1809 2131,1807 2132,1807 2132,1765 2014,1765 2008,1766 2002,1765"/>
          <TextEquiv>
            <Unicode>Sacrament</Unicode>
          </TextEquiv>
        </Word>
        <Word id="region0015_line0029_word0004" custom="readingOrder {index:4;}">
          <Coords points="2183,1766 2154,1765 2154,1812 2168,1812 2170,1812 2183,1812"/>
          <TextEquiv conf="0.90358055">
            <Unicode>ſo</Unicode>
          </TextEquiv>
        </Word>
        <Word id="region0015_line0029_word0005" custom="readingOrder {index:5;}">
          <Coords points="2199,1767 2261,1767 2261,1808 2199,1808"/>
          <TextEquiv conf="0.9293091">
            <Unicode>viel</Unicode>
          </TextEquiv>
        </Word>
        <Word id="region0015_line0029_word0006" custom="readingOrder {index:6;}">
          <Coords points="2275,1809 2346,1809 2346,1767 2300,1767 2282,1769 2275,1769"/>
          <TextEquiv conf="0.9293512">
            <Unicode>mal</Unicode>
          </TextEquiv>
        </Word>
        <TextEquiv>
          <Unicode>ſchreyen, und das Sacrament ſo viel mal</Unicode>
        </TextEquiv>
      </TextLine>
      <TextLine id="region0015_line0030" custom="readingOrder {index:29;}">
        <Coords points="1563,1804 1555,1808 1537,1809 1537,1860 1547,1860 1552,1864 1571,1860 1576,1864 1591,1865 1601,1860 1637,1859 1652,1860 1658,1865 1668,1865 1673,1861 1691,1861 1696,1865 1705,1865 1711,1860 1736,1858 1840,1860 1877,1861 1884,1868 1895,1868 1901,1861 2114,1863 2116,1867 2136,1867 2139,1863 2290,1866 2295,1861 2294,1835 2290,1832 2268,1831 2264,1821 2252,1818 2168,1815 2158,1818 2148,1814 2139,1815 2131,1808 2116,1810 2109,1815 2071,1815 2063,1811 2051,1812 2048,1815 2024,1815 2010,1814 2002,1809 1989,1809 1986,1812 1974,1809 1962,1812 1916,1812 1910,1808 1891,1806 1881,1811 1855,1811 1825,1806 1809,1807 1803,1804 1783,1808 1764,1805 1756,1811 1718,1810 1709,1805 1698,1810 1580,1812"/>
        <Baseline points="1537,1850 2295,1857"/>
        <Word id="region0015_line0030_word0000" custom="readingOrder {index:0;}">
          <Coords points="1672,1815 1552,1815 1552,1863 1556,1863 1571,1860 1574,1863 1595,1863 1601,1860 1637,1859 1652,1860 1655,1863 1670,1863 1672,1861"/>
          <TextEquiv conf="0.92547196">
            <Unicode>ſegnen,</Unicode>
          </TextEquiv>
        </Word>
        <Word id="region0015_line0030_word0001" custom="readingOrder {index:1;}">
          <Coords points="1725,1815 1695,1815 1695,1863 1707,1863 1711,1860 1725,1858"/>
          <TextEquiv conf="0.93181884">
            <Unicode>ſo</Unicode>
          </TextEquiv>
        </Word>
        <Word id="region0015_line0030_word0002" custom="readingOrder {index:2;}">
          <Coords points="1740,1816 1802,1816 1802,1857 1740,1857"/>
          <TextEquiv conf="0.9279687">
            <Unicode>viel</Unicode>
          </TextEquiv>
        </Word>
        <Word id="region0015_line0030_word0003" custom="readingOrder {index:3;}">
          <Coords points="1817,1817 1870,1818 1870,1859 1817,1858"/>
          <TextEquiv conf="0.9279558">
            <Unicode>der</Unicode>
          </TextEquiv>
        </Word>
        <Word id="region0015_line0030_word0004" custom="readingOrder {index:4;}">
          <Coords points="1953,1817 1885,1817 1885,1866 1896,1866 1901,1861 1953,1861"/>
          <TextEquiv conf="0.93158895">
            <Unicode>ſind</Unicode>
          </TextEquiv>
        </Word>
        <Word id="region0015_line0030_word0005" custom="readingOrder {index:5;}">
          <Coords points="1968,1818 2016,1818 2016,1859 1968,1859"/>
          <TextEquiv conf="0.9315818">
            <Unicode>die</Unicode>
          </TextEquiv>
        </Word>
        <Word id="region0015_line0030_word0006" custom="readingOrder {index:6;}">
          <Coords points="2031,1822 2066,1822 2066,1858 2031,1858"/>
          <TextEquiv conf="0.920187">
            <Unicode>es</Unicode>
          </TextEquiv>
        </Word>
        <Word id="region0015_line0030_word0007" custom="readingOrder {index:7;}">
          <Coords points="2080,1815 2080,1862 2114,1863 2115,1865 2137,1865 2139,1863 2225,1864 2225,1817 2189,1815 2166,1815 2158,1818 2151,1815"/>
          <TextEquiv conf="0.92813855">
            <Unicode>nehmen.</Unicode>
          </TextEquiv>
        </Word>
        <TextEquiv conf="0.92808896">
          <Unicode>ſegnen, ſo viel der ſind die es nehmen.</Unicode>
        </TextEquiv>
      </TextLine>
      <TextEquiv>
        <Unicode>170. Nicht daß ich wolle wehren eitel
deutſch in der Meſſe zu brauchen; ſondern
nicht will leiden, daß man ohne GOttes
Wort aus eigenem Durſt und Frevel das
Lateiniſche Evangelium zu leſen verbiete, und
Suͤnde mache, da keine iſt: auf daß wir den
Rottengeiſt mit ſeiner Schwaͤrmerey nicht
zum Meiſter kriegen an GOttes Statt.
Denn mit ſolchem Gaukelwerk muß man
unſer Ding nicht gruͤnden noch ſtaͤrken wi⸗
der die Papiſten: wir wuͤrden ſonſt mit al⸗
len Schanden beſtehen vor ihnen. Es ſoll
alles gewiß und rein GOttes Wort ſeyn,
darauf wir wider ſie bauen und fechten, daß
ſie nichts redliches dagegen moͤgen aufbrin⸗
gen. Denn wenn wir nun gleich die deut⸗
ſche Meſſe uͤberkommen, wirds doch nicht
gnug ſeyn, daß man die Worte im Sacra⸗
ment auf deutſch redet; denn ſie muͤſſen doch
ehe und zuvor geredt werden, ehe man das
Sacrament empfaͤhet, daß die ſo hinzu ge⸗
hen, muͤſſens doch im Herzen haben und nicht
in den Ohren. Was liegt denn daran, ob
ſie die in dem Sacrament nicht hoͤren, wenn
ſie nur hart zuvor in der Predigt gehoͤret und
gefaſſet haben, und darnach bekennen: man
wollt denn einem jeglichen, der dazu gehet,
dieſelben Wort inſonderheit in die Ohren
ſchreyen, und das Sacrament ſo viel mal
ſegnen, ſo viel der ſind die es nehmen.</Unicode>
      </TextEquiv>
    </TextRegion>
    <TextRegion orientation="-0.16283633" readingDirection="left-to-right" id="region0016" custom="readingOrder {index:3;}">
      <Coords points="1545,1902 2348,1902 2344,2466 1541,2466"/>
      <TextLine id="region0016_line0001" custom="readingOrder {index:0;}">
        <Coords points="1655,1902 1647,1907 1634,1909 1546,1910 1546,1953 1563,1951 1580,1956 1609,1956 1619,1961 1635,1957 1695,1962 1749,1959 1779,1961 1785,1958 1860,1959 1867,1962 1927,1963 1981,1957 1990,1961 2040,1961 2045,1958 2062,1961 2081,1958 2087,1961 2106,1962 2119,1959 2130,1962 2147,1959 2152,1963 2177,1965 2186,1960 2197,1960 2201,1965 2217,1962 2222,1966 2261,1966 2272,1970 2280,1963 2301,1963 2307,1967 2348,1963 2348,1918 2337,1918 2330,1909 2312,1911 2307,1916 2296,1916 2288,1915 2281,1907 2260,1907 2254,1913 2228,1906 2170,1905 2144,1914 2100,1915 2096,1906 2084,1904 2077,1909 2075,1915 2044,1915 2037,1914 2029,1904 2018,1904 2011,1913 2001,1913 1949,1903 1845,1903 1831,1908 1810,1909 1790,1908 1785,1902"/>
        <Baseline points="1546,1940 1687,1949 2348,1953"/>
        <Word id="region0016_line0001_word0000" custom="readingOrder {index:0;}">
          <Coords points="1663,1928 1599,1928 1599,1956 1609,1956 1619,1961 1635,1957 1663,1959"/>
          <TextEquiv conf="0.5882181">
            <Unicode>171.</Unicode>
          </TextEquiv>
        </Word>
        <Word id="region0016_line0001_word0001" custom="readingOrder {index:1;}">
          <Coords points="1750,1917 1681,1917 1681,1961 1695,1962 1749,1959 1750,1959"/>
          <TextEquiv conf="0.9072704">
            <Unicode>Jch</Unicode>
          </TextEquiv>
        </Word>
        <Word id="region0016_line0001_word0002" custom="readingOrder {index:2;}">
          <Coords points="1852,1917 1765,1916 1765,1960 1779,1961 1785,1958 1852,1958"/>
          <TextEquiv conf="0.92534643">
            <Unicode>hatte</Unicode>
          </TextEquiv>
        </Word>
        <Word id="region0016_line0001_word0003" custom="readingOrder {index:3;}">
          <Coords points="2001,1919 1868,1919 1868,1962 1927,1963 1981,1957 1990,1961 2001,1961"/>
          <TextEquiv conf="0.9302543">
            <Unicode>Willen</Unicode>
          </TextEquiv>
        </Word>
        <Word id="region0016_line0001_word0004" custom="readingOrder {index:4;}">
          <Coords points="2017,1919 2049,1919 2049,1958 2017,1958"/>
          <TextEquiv conf="0.92161584">
            <Unicode>in</Unicode>
          </TextEquiv>
        </Word>
        <Word id="region0016_line0001_word0005" custom="readingOrder {index:5;}">
          <Coords points="2165,1960 2165,1918 2064,1918 2064,1960 2068,1960 2081,1958 2085,1960 2114,1960 2119,1959 2122,1960 2141,1960 2147,1959 2148,1960"/>
          <TextEquiv conf="0.92266065">
            <Unicode>einem</Unicode>
          </TextEquiv>
        </Word>
        <Word id="region0016_line0001_word0006" custom="readingOrder {index:6;}">
          <Coords points="2285,1919 2179,1919 2179,1963 2186,1960 2197,1960 2201,1965 2217,1962 2222,1966 2261,1966 2263,1967 2275,1967 2280,1963 2285,1963"/>
          <TextEquiv conf="0.733009">
            <Unicode>Buch</Unicode>
          </TextEquiv>
        </Word>
        <Word id="region0016_line0001_word0007" custom="readingOrder {index:7;}">
          <Coords points="2293,1921 2343,1921 2343,1962 2293,1962"/>
          <TextEquiv>
            <Unicode>al⸗</Unicode>
          </TextEquiv>
        </Word>
        <TextEquiv>
          <Unicode>171. Jch hatte Willen in einem Buch al⸗</Unicode>
        </TextEquiv>
      </TextLine>
      <TextLine id="region0016_line0002" custom="readingOrder {index:1;}">
        <Coords points="1555,1952 1546,1954 1546,2006 1588,2007 1605,2004 1610,2010 1624,2011 1629,2008 1655,2006 1712,2007 1720,2003 1778,2008 1869,2009 1886,2006 1898,2012 1917,2016 1928,2012 1961,2012 1975,2009 1993,2012 2075,2014 2084,2010 2110,2008 2155,2010 2164,2013 2316,2018 2324,2014 2348,2016 2348,1968 2331,1966 2307,1968 2301,1964 2280,1964 2272,1971 2223,1969 2217,1963 2201,1966 2197,1961 2186,1961 2175,1968 2168,1967 2153,1966 2147,1960 2130,1963 2115,1960 2104,1964 2089,1964 2081,1959 2062,1962 2045,1959 2033,1965 2003,1965 1988,1964 1981,1958 1969,1959 1960,1964 1936,1965 1867,1963 1860,1960 1701,1963 1651,1960 1619,1962 1597,1956 1580,1957"/>
        <Baseline points="1546,1995 2348,2007"/>
        <Word id="region0016_line0002_word0000" custom="readingOrder {index:0;}">
          <Coords points="1550,1962 1597,1962 1597,2001 1550,2001"/>
          <TextEquiv conf="0.92844146">
            <Unicode>les</Unicode>
          </TextEquiv>
        </Word>
        <Word id="region0016_line0002_word0001" custom="readingOrder {index:1;}">
          <Coords points="1648,1971 1612,1971 1612,2009 1627,2009 1629,2008 1648,2006"/>
          <TextEquiv conf="0.93123937">
            <Unicode>zu</Unicode>
          </TextEquiv>
        </Word>
        <Word id="region0016_line0002_word0002" custom="readingOrder {index:2;}">
          <Coords points="1923,2010 1923,1968 1663,1967 1663,2006 1712,2007 1720,2003 1778,2008 1869,2009 1886,2006 1893,2009"/>
          <TextEquiv conf="0.9180524">
            <Unicode>verantworten;</Unicode>
          </TextEquiv>
        </Word>
        <Word id="region0016_line0002_word0003" custom="readingOrder {index:3;}">
          <Coords points="1961,1963 1960,1964 1946,1964 1946,2003 2023,2003 2023,1965 2003,1965 1988,1964 1986,1963"/>
          <TextEquiv conf="0.92525965">
            <Unicode>aber</Unicode>
          </TextEquiv>
        </Word>
        <Word id="region0016_line0002_word0004" custom="readingOrder {index:4;}">
          <Coords points="2044,1963 2044,2011 2081,2011 2084,2010 2089,2009 2089,1964 2087,1963"/>
          <TextEquiv conf="0.9295093">
            <Unicode>ich</Unicode>
          </TextEquiv>
        </Word>
        <Word id="region0016_line0002_word0005" custom="readingOrder {index:5;}">
          <Coords points="2112,1964 2112,2004 2166,2004 2166,1966 2153,1966 2151,1964"/>
          <TextEquiv conf="0.93252504">
            <Unicode>bin</Unicode>
          </TextEquiv>
        </Word>
        <Word id="region0016_line0002_word0006" custom="readingOrder {index:6;}">
          <Coords points="2186,1961 2181,1964 2181,2011 2343,2011 2343,1967 2331,1966 2307,1968 2301,1964 2280,1964 2272,1971 2223,1969 2217,1963 2201,1966 2197,1961"/>
          <TextEquiv conf="0.92776823">
            <Unicode>uͤbereilet,</Unicode>
          </TextEquiv>
        </Word>
        <TextEquiv conf="0.9275422">
          <Unicode>les zu verantworten; aber ich bin uͤbereilet,</Unicode>
        </TextEquiv>
      </TextLine>
      <TextLine id="region0016_line0003" custom="readingOrder {index:2;}">
        <Coords points="1720,2004 1711,2009 1655,2007 1629,2009 1624,2012 1610,2011 1605,2005 1546,2009 1546,2055 1556,2052 1568,2055 1574,2052 1591,2052 1611,2056 1618,2052 1626,2052 1636,2057 1659,2056 1664,2053 1727,2057 1735,2053 1758,2052 1763,2059 1772,2059 1779,2054 1786,2054 1792,2058 1833,2061 1838,2057 1847,2057 1872,2064 1891,2062 1901,2057 1913,2057 1918,2060 1924,2057 1937,2057 1943,2061 1981,2061 2001,2057 2008,2061 2059,2064 2127,2064 2132,2061 2145,2061 2149,2064 2246,2065 2287,2061 2317,2067 2326,2072 2348,2069 2348,2017 2344,2015 2324,2015 2316,2019 2192,2018 2155,2011 2110,2009 2084,2011 2075,2015 1992,2013 1987,2010 1975,2010 1968,2013 1925,2014 1917,2017 1898,2013 1886,2007 1872,2008 1866,2012 1793,2011"/>
        <Baseline points="1546,2044 2348,2057"/>
        <Word id="region0016_line0003_word0000" custom="readingOrder {index:0;}">
          <Coords points="1617,2016 1550,2016 1550,2053 1556,2052 1564,2054 1570,2054 1574,2052 1591,2052 1601,2054 1614,2054 1617,2052"/>
          <TextEquiv conf="0.9258807">
            <Unicode>und</Unicode>
          </TextEquiv>
        </Word>
        <Word id="region0016_line0003_word0001" custom="readingOrder {index:1;}">
          <Coords points="1669,2021 1633,2021 1633,2055 1660,2055 1664,2053 1669,2053"/>
          <TextEquiv conf="0.9326219">
            <Unicode>es</Unicode>
          </TextEquiv>
        </Word>
        <Word id="region0016_line0003_word0002" custom="readingOrder {index:2;}">
          <Coords points="1750,2016 1683,2016 1683,2054 1695,2055 1731,2055 1735,2053 1750,2052"/>
          <TextEquiv conf="0.9181132">
            <Unicode>will</Unicode>
          </TextEquiv>
        </Word>
        <Word id="region0016_line0003_word0003" custom="readingOrder {index:3;}">
          <Coords points="1799,2024 1764,2024 1764,2059 1772,2059 1779,2054 1786,2054 1792,2058 1799,2058"/>
          <TextEquiv conf="0.9171154">
            <Unicode>zu</Unicode>
          </TextEquiv>
        </Word>
        <Word id="region0016_line0003_word0004" custom="readingOrder {index:4;}">
          <Coords points="1892,2015 1813,2014 1813,2059 1833,2061 1838,2057 1847,2057 1863,2061 1891,2061 1892,2061"/>
          <TextEquiv conf="0.9132518">
            <Unicode>groß</Unicode>
          </TextEquiv>
        </Word>
        <Word id="region0016_line0003_word0005" custom="readingOrder {index:5;}">
          <Coords points="1908,2019 2047,2019 2047,2057 1908,2057"/>
          <TextEquiv conf="0.925842">
            <Unicode>werden.</Unicode>
          </TextEquiv>
        </Word>
        <Word id="region0016_line0003_word0006" custom="readingOrder {index:6;}">
          <Coords points="2097,2017 2097,2058 2246,2059 2246,2018 2192,2018 2190,2017"/>
          <TextEquiv conf="0.9207091">
            <Unicode>Darum</Unicode>
          </TextEquiv>
        </Word>
        <Word id="region0016_line0003_word0007" custom="readingOrder {index:7;}">
          <Coords points="2343,2065 2343,2017 2320,2017 2316,2019 2263,2018 2263,2063 2287,2061 2307,2065"/>
          <TextEquiv conf="0.92831826">
            <Unicode>muß</Unicode>
          </TextEquiv>
        </Word>
        <TextEquiv conf="0.9227315">
          <Unicode>und es will zu groß werden. Darum muß</Unicode>
        </TextEquiv>
      </TextLine>
      <TextLine id="region0016_line0004" custom="readingOrder {index:3;}">
        <Coords points="1556,2053 1548,2056 1546,2060 1545,2107 1573,2107 1578,2110 1618,2106 1719,2108 1724,2105 1736,2105 1741,2108 1800,2108 1814,2105 1827,2113 1835,2109 1946,2111 1964,2108 1976,2112 1992,2109 2002,2115 2028,2114 2051,2118 2059,2115 2084,2115 2090,2111 2101,2111 2106,2114 2176,2116 2194,2114 2198,2111 2214,2114 2237,2112 2243,2117 2261,2119 2310,2118 2324,2112 2347,2113 2348,2072 2326,2073 2317,2068 2287,2062 2227,2068 2149,2065 2145,2062 2132,2062 2127,2065 2064,2066 2009,2064 2001,2058 1987,2059 1980,2064 1942,2063 1937,2058 1924,2058 1918,2061 1913,2058 1901,2058 1892,2063 1872,2065 1855,2063 1847,2058 1838,2058 1833,2062 1793,2060 1789,2056 1779,2055 1772,2060 1763,2060 1758,2053 1735,2054 1727,2058 1714,2059 1682,2058 1675,2054 1664,2054 1657,2058 1634,2058 1626,2053 1618,2053 1605,2059 1597,2058 1591,2053 1574,2053 1569,2056"/>
        <Baseline points="1545,2096 2347,2103"/>
        <Word id="region0016_line0004_word0000" custom="readingOrder {index:0;}">
          <Coords points="1597,2065 1553,2065 1552,2107 1573,2107 1578,2110 1596,2108"/>
          <TextEquiv conf="0.93166435">
            <Unicode>ich</Unicode>
          </TextEquiv>
        </Word>
        <Word id="region0016_line0004_word0001" custom="readingOrder {index:1;}">
          <Coords points="1616,2066 1648,2066 1647,2104 1615,2104"/>
          <TextEquiv conf="0.93162644">
            <Unicode>in</Unicode>
          </TextEquiv>
        </Word>
        <Word id="region0016_line0004_word0002" custom="readingOrder {index:2;}">
          <Coords points="1719,2107 1720,2067 1666,2067 1665,2106 1668,2107"/>
          <TextEquiv conf="0.92673826">
            <Unicode>der</Unicode>
          </TextEquiv>
        </Word>
        <Word id="region0016_line0004_word0003" custom="readingOrder {index:3;}">
          <Coords points="1799,2107 1800,2065 1729,2065 1728,2105 1736,2105 1739,2107"/>
          <TextEquiv conf="0.9309632">
            <Unicode>Eile</Unicode>
          </TextEquiv>
        </Word>
        <Word id="region0016_line0004_word0004" custom="readingOrder {index:4;}">
          <Coords points="1864,2067 1815,2066 1814,2105 1827,2113 1835,2109 1863,2109"/>
          <TextEquiv conf="0.9318927">
            <Unicode>hie</Unicode>
          </TextEquiv>
        </Word>
        <Word id="region0016_line0004_word0005" custom="readingOrder {index:5;}">
          <Coords points="1878,2065 1877,2109 1946,2111 1964,2108 1976,2112 1992,2109 1998,2113 2061,2113 2061,2065 2036,2065"/>
          <TextEquiv conf="0.9298098">
            <Unicode>abbrechen,</Unicode>
          </TextEquiv>
        </Word>
        <Word id="region0016_line0004_word0006" custom="readingOrder {index:6;}">
          <Coords points="2088,2067 2155,2067 2154,2107 2087,2107"/>
          <TextEquiv conf="0.9236306">
            <Unicode>und</Unicode>
          </TextEquiv>
        </Word>
        <Word id="region0016_line0004_word0007" custom="readingOrder {index:7;}">
          <Coords points="2172,2074 2248,2075 2247,2108 2171,2107"/>
          <TextEquiv conf="0.92244184">
            <Unicode>vom</Unicode>
          </TextEquiv>
        </Word>
        <Word id="region0016_line0004_word0008" custom="readingOrder {index:8;}">
          <Coords points="2257,2066 2256,2111 2343,2111 2343,2072 2326,2073 2317,2068 2307,2066"/>
          <TextEquiv conf="0.7644425">
            <Unicode>Sa⸗</Unicode>
          </TextEquiv>
        </Word>
        <TextEquiv conf="0.91035664">
          <Unicode>ich in der Eile hie abbrechen, und vom Sa⸗</Unicode>
        </TextEquiv>
      </TextLine>
      <TextLine id="region0016_line0005" custom="readingOrder {index:4;}">
        <Coords points="1724,2106 1717,2111 1699,2110 1694,2107 1683,2107 1679,2110 1545,2110 1545,2155 1569,2152 1575,2155 1591,2153 1596,2156 1654,2156 1666,2152 1707,2152 1711,2155 1725,2153 1733,2156 1774,2153 1811,2156 1829,2153 1838,2159 1863,2156 1869,2160 1931,2161 1944,2162 1950,2166 1988,2158 1996,2165 2026,2163 2030,2160 2041,2160 2046,2163 2052,2161 2056,2164 2067,2160 2077,2164 2121,2163 2130,2160 2173,2164 2193,2161 2211,2166 2224,2164 2240,2167 2310,2169 2322,2164 2333,2171 2347,2169 2347,2117 2339,2113 2324,2113 2310,2119 2297,2120 2249,2119 2237,2113 2214,2115 2208,2112 2198,2112 2192,2118 2106,2115 2101,2112 2090,2112 2084,2116 2059,2116 2051,2119 2043,2116 2002,2116 1992,2110 1982,2110 1976,2114 1964,2109 1953,2109 1944,2114 1906,2114 1881,2110 1833,2111 1825,2114 1814,2106 1804,2110 1771,2111 1742,2111 1736,2106"/>
        <Baseline points="1545,2145 2347,2158"/>
        <Word id="region0016_line0005_word0000" custom="readingOrder {index:0;}">
          <Coords points="1694,2120 1551,2120 1551,2154 1569,2152 1575,2155 1591,2153 1594,2155 1657,2155 1666,2152 1694,2152"/>
          <TextEquiv conf="0.80636">
            <Unicode>crament</Unicode>
          </TextEquiv>
        </Word>
        <Word id="region0016_line0005_word0001" custom="readingOrder {index:1;}">
          <Coords points="1755,2117 1706,2117 1706,2152 1707,2152 1711,2155 1725,2153 1733,2156 1755,2154"/>
          <TextEquiv conf="0.93186784">
            <Unicode>ein</Unicode>
          </TextEquiv>
        </Word>
        <Word id="region0016_line0005_word0002" custom="readingOrder {index:2;}">
          <Coords points="1888,2157 1888,2118 1767,2117 1767,2153 1774,2153 1811,2156 1829,2153 1834,2156 1856,2156 1863,2156 1864,2156"/>
          <TextEquiv conf="0.92872864">
            <Unicode>anders</Unicode>
          </TextEquiv>
        </Word>
        <Word id="region0016_line0005_word0003" custom="readingOrder {index:3;}">
          <Coords points="1903,2117 1903,2160 1931,2161 1944,2162 1948,2165 1954,2165 1988,2158 1996,2165 2026,2163 2030,2160 2041,2160 2046,2163 2052,2161 2056,2164 2064,2161 2064,2117 2056,2117 2051,2119 2045,2117"/>
          <TextEquiv conf="0.9267251">
            <Unicode>anfahen;</Unicode>
          </TextEquiv>
        </Word>
        <Word id="region0016_line0005_word0004" custom="readingOrder {index:4;}">
          <Coords points="2092,2119 2174,2120 2174,2158 2092,2157"/>
          <TextEquiv conf="0.9305618">
            <Unicode>denn</Unicode>
          </TextEquiv>
        </Word>
        <Word id="region0016_line0005_word0005" custom="readingOrder {index:5;}">
          <Coords points="2243,2164 2243,2118 2198,2118 2198,2162 2203,2164 2224,2164"/>
          <TextEquiv conf="0.92466336">
            <Unicode>ich</Unicode>
          </TextEquiv>
        </Word>
        <Word id="region0016_line0005_word0006" custom="readingOrder {index:6;}">
          <Coords points="2342,2164 2342,2117 2314,2117 2310,2119 2297,2120 2260,2119 2260,2164 2322,2164"/>
          <TextEquiv conf="0.93211657">
            <Unicode>auch</Unicode>
          </TextEquiv>
        </Word>
        <TextEquiv conf="0.9115747">
          <Unicode>crament ein anders anfahen; denn ich auch</Unicode>
        </TextEquiv>
      </TextLine>
      <TextLine id="region0016_line0006" custom="readingOrder {index:5;}">
        <Coords points="1556,2153 1545,2159 1545,2204 1548,2206 1562,2201 1601,2206 1620,2206 1626,2201 1639,2201 1644,2204 1662,2203 1671,2209 1701,2207 1707,2212 1717,2212 1724,2207 1797,2210 1805,2205 1841,2210 1852,2206 1872,2210 1888,2208 1892,2211 1915,2208 1920,2212 1952,2209 1959,2213 1978,2209 1983,2216 2024,2209 2053,2209 2061,2214 2071,2211 2119,2211 2125,2214 2175,2215 2178,2218 2205,2212 2221,2212 2227,2216 2242,2215 2258,2220 2270,2214 2282,2217 2348,2217 2347,2171 2333,2172 2322,2165 2310,2170 2241,2169 2224,2165 2205,2168 2193,2162 2176,2163 2171,2165 2133,2161 2110,2165 2077,2165 2067,2161 2056,2165 2052,2162 2046,2164 2041,2161 2030,2161 2024,2166 1996,2166 1988,2159 1983,2159 1968,2165 1950,2167 1870,2163 1863,2157 1848,2157 1839,2162 1829,2154 1811,2157 1774,2154 1738,2158 1725,2154 1711,2156 1707,2153 1666,2153 1625,2160 1597,2160 1591,2154 1575,2156 1569,2153"/>
        <Baseline points="1545,2193 2348,2206"/>
        <Word id="region0016_line0006_word0000" custom="readingOrder {index:0;}">
          <Coords points="1647,2165 1550,2165 1550,2205 1562,2201 1601,2206 1620,2206 1626,2201 1639,2201 1644,2204 1647,2203"/>
          <TextEquiv conf="0.9285001">
            <Unicode>ſeines</Unicode>
          </TextEquiv>
        </Word>
        <Word id="region0016_line0006_word0001" custom="readingOrder {index:1;}">
          <Coords points="1755,2166 1657,2166 1657,2203 1662,2203 1671,2209 1701,2207 1707,2212 1717,2212 1724,2207 1755,2208"/>
          <TextEquiv conf="0.9194102">
            <Unicode>Gifts</Unicode>
          </TextEquiv>
        </Word>
        <Word id="region0016_line0006_word0002" custom="readingOrder {index:2;}">
          <Coords points="1767,2163 1767,2208 1797,2210 1805,2205 1841,2210 1852,2206 1872,2210 1888,2208 1892,2211 1905,2209 1905,2164 1887,2163"/>
          <TextEquiv conf="0.9238895">
            <Unicode>Buͤcher</Unicode>
          </TextEquiv>
        </Word>
        <Word id="region0016_line0006_word0003" custom="readingOrder {index:3;}">
          <Coords points="1921,2166 1921,2211 1952,2209 1959,2213 1978,2209 1980,2213 1998,2213 1998,2166 1996,2166 1959,2166 1950,2167 1930,2166"/>
          <TextEquiv conf="0.9306123">
            <Unicode>noch</Unicode>
          </TextEquiv>
        </Word>
        <Word id="region0016_line0006_word0004" custom="readingOrder {index:4;}">
          <Coords points="2090,2167 2007,2167 2007,2211 2024,2209 2053,2209 2059,2213 2064,2213 2071,2211 2090,2211"/>
          <TextEquiv conf="0.9250044">
            <Unicode>nicht</Unicode>
          </TextEquiv>
        </Word>
        <Word id="region0016_line0006_word0005" custom="readingOrder {index:5;}">
          <Coords points="2103,2168 2164,2168 2164,2208 2103,2208"/>
          <TextEquiv conf="0.92649096">
            <Unicode>alle</Unicode>
          </TextEquiv>
        </Word>
        <Word id="region0016_line0006_word0006" custom="readingOrder {index:6;}">
          <Coords points="2178,2166 2178,2215 2191,2215 2205,2212 2221,2212 2225,2215 2242,2215 2268,2215 2270,2214 2271,2214 2271,2169 2241,2169 2228,2166 2217,2166 2205,2168 2201,2166"/>
          <TextEquiv conf="0.9290038">
            <Unicode>habe,</Unicode>
          </TextEquiv>
        </Word>
        <Word id="region0016_line0006_word0007" custom="readingOrder {index:7;}">
          <Coords points="2317,2167 2310,2170 2280,2169 2280,2208 2343,2208 2343,2171 2333,2172 2325,2167"/>
          <TextEquiv conf="0.9300069">
            <Unicode>wie</Unicode>
          </TextEquiv>
        </Word>
        <TextEquiv conf="0.92661476">
          <Unicode>ſeines Gifts Buͤcher noch nicht alle habe, wie</Unicode>
        </TextEquiv>
      </TextLine>
      <TextLine id="region0016_line0007" custom="readingOrder {index:6;}">
        <Coords points="1562,2202 1556,2206 1545,2206 1546,2258 1552,2258 1562,2251 1576,2256 1645,2257 1651,2261 1655,2261 1663,2254 1673,2257 1695,2254 1709,2258 1726,2253 1731,2253 1737,2258 1774,2255 1779,2259 1795,2260 1812,2257 1823,2258 1827,2261 1838,2258 1849,2260 1863,2256 1873,2260 1894,2257 1901,2261 1945,2258 1953,2262 2003,2265 2038,2265 2052,2260 2081,2265 2093,2261 2107,2264 2138,2264 2184,2259 2191,2262 2207,2262 2214,2269 2234,2263 2255,2266 2272,2262 2279,2267 2310,2269 2325,2273 2348,2271 2348,2220 2290,2219 2270,2215 2258,2221 2242,2216 2227,2217 2221,2213 2205,2213 2180,2219 2127,2217 2119,2212 2071,2212 2061,2215 2053,2210 2001,2212 1983,2217 1978,2210 1959,2214 1952,2210 1920,2213 1915,2209 1892,2212 1888,2209 1872,2211 1852,2207 1843,2211 1805,2206 1797,2211 1707,2213 1669,2211 1662,2204 1644,2205 1639,2202 1626,2202 1619,2210 1582,2208 1573,2203"/>
        <Baseline points="1546,2243 2348,2259"/>
        <Word id="region0016_line0007_word0000" custom="readingOrder {index:0;}">
          <Coords points="1590,2216 1550,2216 1550,2258 1552,2258 1562,2251 1576,2256 1590,2256"/>
          <TextEquiv conf="0.9198014">
            <Unicode>ſie</Unicode>
          </TextEquiv>
        </Word>
        <Word id="region0016_line0007_word0001" custom="readingOrder {index:1;}">
          <Coords points="1752,2214 1607,2214 1607,2256 1645,2257 1651,2261 1655,2261 1663,2254 1673,2257 1695,2254 1709,2258 1726,2253 1731,2253 1737,2258 1752,2256"/>
          <TextEquiv conf="0.9198014">
            <Unicode>ruͤhmen.</Unicode>
          </TextEquiv>
        </Word>
        <Word id="region0016_line0007_word0002" custom="readingOrder {index:2;}">
          <Coords points="1865,2216 1802,2215 1802,2258 1812,2257 1823,2258 1826,2260 1829,2260 1838,2258 1849,2260 1863,2256 1865,2256"/>
          <TextEquiv conf="0.9222889">
            <Unicode>Laß</Unicode>
          </TextEquiv>
        </Word>
        <Word id="region0016_line0007_word0003" custom="readingOrder {index:3;}">
          <Coords points="1881,2218 1930,2218 1930,2257 1881,2257"/>
          <TextEquiv conf="0.9249952">
            <Unicode>dir</Unicode>
          </TextEquiv>
        </Word>
        <Word id="region0016_line0007_word0004" custom="readingOrder {index:4;}">
          <Coords points="1994,2259 1994,2218 1946,2218 1946,2258 1947,2259"/>
          <TextEquiv conf="0.9308095">
            <Unicode>die</Unicode>
          </TextEquiv>
        </Word>
        <Word id="region0016_line0007_word0005" custom="readingOrder {index:5;}">
          <Coords points="2016,2217 2016,2260 2052,2260 2135,2260 2135,2217 2127,2217"/>
          <TextEquiv conf="0.9261005">
            <Unicode>Weile</Unicode>
          </TextEquiv>
        </Word>
        <Word id="region0016_line0007_word0006" custom="readingOrder {index:6;}">
          <Coords points="2191,2216 2180,2219 2158,2218 2158,2262 2184,2259 2191,2262 2207,2262 2208,2263 2243,2263 2243,2217 2229,2217 2227,2217 2227,2217"/>
          <TextEquiv conf="0.92976457">
            <Unicode>nicht</Unicode>
          </TextEquiv>
        </Word>
        <Word id="region0016_line0007_word0007" custom="readingOrder {index:7;}">
          <Coords points="2264,2218 2263,2218 2263,2264 2264,2264 2272,2262 2275,2264 2342,2264 2342,2220 2290,2219 2285,2218"/>
          <TextEquiv conf="0.9312737">
            <Unicode>lang</Unicode>
          </TextEquiv>
        </Word>
        <TextEquiv conf="0.9256044">
          <Unicode>ſie ruͤhmen. Laß dir die Weile nicht lang</Unicode>
        </TextEquiv>
      </TextLine>
      <TextLine id="region0016_line0008" custom="readingOrder {index:7;}">
        <Coords points="1562,2252 1552,2259 1546,2259 1548,2307 1573,2306 1590,2310 1597,2306 1615,2306 1625,2310 1634,2307 1680,2306 1691,2311 1701,2308 1748,2309 1765,2305 1775,2308 1794,2306 1840,2310 1850,2315 1867,2307 1906,2312 1959,2314 1977,2309 1996,2314 2038,2310 2045,2315 2057,2314 2062,2318 2078,2312 2096,2310 2100,2313 2115,2312 2130,2319 2146,2319 2153,2315 2178,2319 2193,2312 2210,2313 2214,2316 2263,2316 2282,2312 2292,2318 2325,2320 2331,2323 2348,2322 2348,2273 2279,2270 2272,2263 2264,2263 2252,2269 2245,2264 2234,2264 2228,2268 2214,2270 2207,2263 2181,2260 2171,2260 2162,2266 2118,2267 2093,2262 2079,2268 2072,2263 2061,2261 2045,2262 2035,2267 1975,2265 1953,2263 1945,2259 1901,2263 1894,2258 1884,2258 1874,2263 1864,2257 1849,2261 1838,2259 1832,2262 1823,2259 1780,2261 1774,2256 1760,2256 1754,2261 1745,2261 1726,2254 1709,2259 1695,2255 1674,2258 1663,2255 1655,2262 1651,2262 1577,2260 1573,2254"/>
        <Baseline points="1547,2295 2348,2310"/>
        <Word id="region0016_line0008_word0000" custom="readingOrder {index:0;}">
          <Coords points="1633,2264 1550,2264 1550,2306 1573,2306 1590,2310 1597,2306 1615,2306 1625,2310 1633,2307"/>
          <TextEquiv conf="0.9134897">
            <Unicode>ſeyn,</Unicode>
          </TextEquiv>
        </Word>
        <Word id="region0016_line0008_word0001" custom="readingOrder {index:1;}">
          <Coords points="1700,2265 1656,2265 1656,2306 1680,2306 1686,2309 1697,2309 1700,2308"/>
          <TextEquiv conf="0.92930025">
            <Unicode>ich</Unicode>
          </TextEquiv>
        </Word>
        <Word id="region0016_line0008_word0002" custom="readingOrder {index:2;}">
          <Coords points="1798,2265 1717,2265 1717,2307 1756,2307 1765,2305 1771,2307 1784,2307 1794,2306 1798,2306"/>
          <TextEquiv conf="0.9323347">
            <Unicode>habe</Unicode>
          </TextEquiv>
        </Word>
        <Word id="region0016_line0008_word0003" custom="readingOrder {index:3;}">
          <Coords points="1866,2266 1814,2265 1814,2307 1840,2310 1845,2312 1854,2312 1866,2307"/>
          <TextEquiv conf="0.92589235">
            <Unicode>diß</Unicode>
          </TextEquiv>
        </Word>
        <Word id="region0016_line0008_word0004" custom="readingOrder {index:4;}">
          <Coords points="1883,2268 1915,2268 1915,2306 1883,2306"/>
          <TextEquiv conf="0.9321396">
            <Unicode>in</Unicode>
          </TextEquiv>
        </Word>
        <Word id="region0016_line0008_word0005" custom="readingOrder {index:5;}">
          <Coords points="2033,2267 1929,2267 1929,2312 1932,2313 1962,2313 1977,2309 1992,2313 2006,2313 2033,2310"/>
          <TextEquiv conf="0.9296859">
            <Unicode>kurzer</Unicode>
          </TextEquiv>
        </Word>
        <Word id="region0016_line0008_word0006" custom="readingOrder {index:6;}">
          <Coords points="2043,2265 2043,2314 2044,2314 2057,2314 2073,2314 2078,2312 2096,2310 2100,2313 2115,2312 2115,2266 2108,2265 2086,2265 2079,2268 2075,2265"/>
          <TextEquiv conf="0.9301703">
            <Unicode>Zeit</Unicode>
          </TextEquiv>
        </Word>
        <Word id="region0016_line0008_word0007" custom="readingOrder {index:7;}">
          <Coords points="2165,2264 2162,2266 2130,2267 2130,2315 2153,2315 2153,2315 2154,2315 2186,2315 2193,2312 2210,2313 2213,2315 2265,2316 2282,2312 2288,2316 2342,2316 2342,2273 2279,2270 2274,2265 2261,2265 2252,2269 2246,2265 2233,2264 2228,2268 2214,2270 2208,2264"/>
          <TextEquiv conf="0.7814604">
            <Unicode>geſchrieben;</Unicode>
          </TextEquiv>
        </Word>
        <TextEquiv conf="0.90930915">
          <Unicode>ſeyn, ich habe diß in kurzer Zeit geſchrieben;</Unicode>
        </TextEquiv>
      </TextLine>
      <TextLine id="region0016_line0009" custom="readingOrder {index:8;}">
        <Coords points="1758,2306 1748,2310 1727,2312 1688,2312 1680,2307 1625,2311 1615,2307 1600,2307 1590,2311 1546,2307 1546,2356 1599,2354 1632,2357 1687,2352 1711,2356 1742,2356 1755,2362 1764,2358 1802,2360 1880,2357 1922,2363 1986,2363 1998,2366 2002,2363 2020,2363 2027,2368 2035,2368 2052,2359 2084,2365 2160,2363 2167,2360 2199,2366 2222,2360 2233,2367 2267,2367 2273,2371 2304,2368 2309,2365 2321,2365 2327,2371 2348,2369 2348,2323 2292,2320 2282,2313 2269,2314 2261,2319 2215,2318 2210,2314 2193,2313 2178,2320 2157,2317 2130,2320 2115,2313 2100,2314 2096,2311 2078,2313 2062,2319 2057,2315 2045,2316 2038,2311 2029,2311 2022,2316 2009,2316 2007,2313 1996,2315 1977,2310 1963,2317 1867,2308 1850,2316 1827,2311 1794,2307 1775,2309"/>
        <Baseline points="1546,2345 2348,2358"/>
        <Word id="region0016_line0009_word0000" custom="readingOrder {index:0;}">
          <Coords points="1613,2321 1551,2321 1551,2355 1599,2354 1613,2355"/>
          <TextEquiv conf="0.92566115">
            <Unicode>das</Unicode>
          </TextEquiv>
        </Word>
        <Word id="region0016_line0009_word0001" custom="readingOrder {index:1;}">
          <Coords points="1740,2320 1627,2320 1627,2356 1632,2357 1687,2352 1711,2356 1740,2356"/>
          <TextEquiv conf="0.9269813">
            <Unicode>andere</Unicode>
          </TextEquiv>
        </Word>
        <Word id="region0016_line0009_word0002" custom="readingOrder {index:2;}">
          <Coords points="1802,2318 1751,2318 1751,2360 1755,2362 1764,2358 1802,2360"/>
          <TextEquiv conf="0.92398363">
            <Unicode>ſoll</Unicode>
          </TextEquiv>
        </Word>
        <Word id="region0016_line0009_word0003" custom="readingOrder {index:3;}">
          <Coords points="1880,2318 1817,2317 1817,2359 1880,2357"/>
          <TextEquiv conf="0.9197681">
            <Unicode>auf</Unicode>
          </TextEquiv>
        </Word>
        <Word id="region0016_line0009_word0004" custom="readingOrder {index:4;}">
          <Coords points="1961,2359 1961,2324 1891,2324 1891,2358 1894,2359"/>
          <TextEquiv conf="0.9197681">
            <Unicode>dem</Unicode>
          </TextEquiv>
        </Word>
        <Word id="region0016_line0009_word0005" custom="readingOrder {index:5;}">
          <Coords points="1971,2319 1971,2363 1986,2363 1998,2366 2002,2363 2020,2363 2025,2367 2036,2367 2052,2359 2065,2361 2065,2319 2062,2319"/>
          <TextEquiv conf="0.9298524">
            <Unicode>Fuſſe</Unicode>
          </TextEquiv>
        </Word>
        <Word id="region0016_line0009_word0006" custom="readingOrder {index:6;}">
          <Coords points="2081,2318 2081,2364 2084,2365 2160,2363 2167,2360 2199,2366 2216,2361 2216,2319 2180,2318 2178,2320 2168,2318 2143,2318 2130,2320 2126,2318"/>
          <TextEquiv conf="0.9317543">
            <Unicode>hinnach</Unicode>
          </TextEquiv>
        </Word>
        <Word id="region0016_line0009_word0007" custom="readingOrder {index:7;}">
          <Coords points="2262,2318 2261,2319 2232,2318 2232,2365 2309,2365 2321,2365 2343,2365 2343,2322 2292,2320 2289,2318"/>
          <TextEquiv conf="0.93130636">
            <Unicode>gehen,</Unicode>
          </TextEquiv>
        </Word>
        <TextEquiv conf="0.9261344">
          <Unicode>das andere ſoll auf dem Fuſſe hinnach gehen,</Unicode>
        </TextEquiv>
      </TextLine>
      <TextLine id="region0016_line0010" custom="readingOrder {index:9;}">
        <Coords points="1669,2353 1632,2358 1589,2355 1583,2359 1546,2360 1546,2404 1584,2402 1591,2406 1612,2407 1623,2404 1646,2407 1671,2405 1678,2410 1687,2407 1712,2410 1741,2409 1749,2406 1767,2408 1775,2405 1833,2415 1961,2417 1973,2423 1983,2423 1988,2418 1995,2418 2001,2424 2010,2424 2017,2418 2114,2416 2217,2418 2232,2419 2239,2424 2247,2424 2252,2419 2348,2418 2348,2371 2327,2372 2321,2366 2309,2366 2303,2371 2273,2372 2267,2369 2233,2368 2222,2361 2199,2367 2167,2361 2157,2365 2125,2367 2067,2365 2052,2360 2035,2369 2027,2369 2022,2366 1998,2367 1986,2364 1930,2367 1880,2358 1802,2361 1764,2359 1755,2363 1747,2358 1726,2355 1711,2357"/>
        <Baseline points="1546,2393 1978,2408 2348,2408"/>
        <Word id="region0016_line0010_word0000" custom="readingOrder {index:0;}">
          <Coords points="1641,2372 1553,2372 1553,2403 1584,2402 1591,2406 1612,2407 1623,2404 1641,2406"/>
          <TextEquiv conf="0.92344284">
            <Unicode>wills</Unicode>
          </TextEquiv>
        </Word>
        <Word id="region0016_line0010_word0001" custom="readingOrder {index:1;}">
          <Coords points="1782,2369 1662,2369 1662,2405 1671,2405 1678,2410 1687,2407 1712,2410 1741,2409 1749,2406 1767,2408 1775,2405 1782,2406"/>
          <TextEquiv conf="0.92270243">
            <Unicode>GOtt.</Unicode>
          </TextEquiv>
        </Word>
        <Word id="region0016_line0010_word0002" custom="readingOrder {index:2;}">
          <Coords points="1847,2368 1948,2368 1948,2412 1847,2412"/>
          <TextEquiv>
            <Unicode>Dem</Unicode>
          </TextEquiv>
        </Word>
        <Word id="region0016_line0010_word0003" custom="readingOrder {index:3;}">
          <Coords points="2019,2369 1971,2369 1971,2419 1987,2419 1988,2418 1995,2418 1996,2419 2015,2419 2017,2418 2019,2417"/>
          <TextEquiv conf="0.93219626">
            <Unicode>ſey</Unicode>
          </TextEquiv>
        </Word>
        <Word id="region0016_line0010_word0004" custom="readingOrder {index:4;}">
          <Coords points="2041,2369 2104,2369 2104,2412 2041,2412"/>
          <TextEquiv conf="0.9320363">
            <Unicode>Lob</Unicode>
          </TextEquiv>
        </Word>
        <Word id="region0016_line0010_word0005" custom="readingOrder {index:5;}">
          <Coords points="2118,2370 2187,2371 2187,2413 2118,2412"/>
          <TextEquiv conf="0.93174684">
            <Unicode>und</Unicode>
          </TextEquiv>
        </Word>
        <Word id="region0016_line0010_word0006" custom="readingOrder {index:6;}">
          <Coords points="2200,2368 2200,2417 2217,2418 2287,2418 2287,2371 2273,2372 2267,2369 2233,2368"/>
          <TextEquiv conf="0.92522514">
            <Unicode>Ehre</Unicode>
          </TextEquiv>
        </Word>
        <Word id="region0016_line0010_word0007" custom="readingOrder {index:7;}">
          <Coords points="2309,2371 2309,2411 2343,2411 2343,2371 2327,2372 2326,2371"/>
          <TextEquiv conf="0.92522514">
            <Unicode>in</Unicode>
          </TextEquiv>
        </Word>
        <TextEquiv>
          <Unicode>wills GOtt. Dem ſey Lob und Ehre in</Unicode>
        </TextEquiv>
      </TextLine>
      <TextLine id="region0016_line0011" custom="readingOrder {index:10;}">
        <Coords points="1563,2403 1546,2405 1545,2460 1623,2463 1630,2469 1643,2469 1652,2463 1698,2463 1708,2470 1717,2470 1724,2464 1771,2465 1799,2462 1928,2466 1933,2461 1932,2434 1926,2430 1906,2430 1904,2422 1893,2417 1806,2413 1775,2406 1767,2409 1749,2407 1725,2411 1700,2408 1678,2411 1671,2406 1650,2406 1645,2411 1638,2411 1634,2406 1623,2405 1609,2411 1592,2409 1584,2403"/>
        <Baseline points="1545,2450 1933,2456"/>
        <Word id="region0016_line0011_word0000" custom="readingOrder {index:0;}">
          <Coords points="1723,2416 1553,2416 1552,2460 1623,2463 1630,2469 1643,2469 1652,2463 1698,2463 1706,2469 1718,2469 1722,2465"/>
          <TextEquiv conf="0.9225726">
            <Unicode>Ewigkeit,</Unicode>
          </TextEquiv>
        </Word>
        <Word id="region0016_line0011_word0001" custom="readingOrder {index:1;}">
          <Coords points="1864,2418 1743,2417 1742,2463 1786,2463 1799,2462 1863,2463"/>
          <TextEquiv conf="0.9155812">
            <Unicode>Amen.</Unicode>
          </TextEquiv>
        </Word>
        <TextEquiv conf="0.9190769">
          <Unicode>Ewigkeit, Amen.</Unicode>
        </TextEquiv>
      </TextLine>
      <TextEquiv>
        <Unicode>171. Jch hatte Willen in einem Buch al⸗&#13;
les zu verantworten; aber ich bin uͤbereilet,&#13;
und es will zu groß werden. Darum muß&#13;
ich in der Eile hie abbrechen, und vom Sa⸗&#13;
crament ein anders anfahen; denn ich auch&#13;
ſeines Gifts Buͤcher noch nicht alle habe, wie&#13;
ſie ruͤhmen. Laß dir die Weile nicht lang&#13;
ſeyn, ich habe diß in kurzer Zeit geſchrieben;&#13;
das andere ſoll auf dem Fuſſe hinnach gehen,&#13;
wills GOtt. Dem ſey Lob und Ehre in&#13;
Ewigkeit, Amen.</Unicode>
      </TextEquiv>
    </TextRegion>
  </Page>
</PcGts>
