2363 2827
289 476 442 521 „ſeinen
457 477 581 526 Beruf
594 489 667 526 zum
672 473 867 531 allhieſigen
885 477 1141 530 Predigt ⸗ Amt
1162 487 1236 531 hat,
1272 485 1472 535 behutſamer
1493 486 1731 539 aufzufuͤhren,

287 520 552 575 „inſonderheit
565 526 645 575 auch
660 530 694 569 in
708 527 912 577 oͤffentlichen
925 531 1115 581 Predigten
1131 531 1190 580 ſich
1203 532 1416 580 geziemender
1433 535 1730 584 Redens ⸗ Arten,

288 567 402 616 „von
418 577 491 617 dem
504 576 615 625 Recht
629 583 684 620 der
697 573 892 628 Obrigkeit,
920 581 977 628 bey
992 573 1199 630 Ernennung
1220 588 1289 625 und
1306 584 1430 632 Beruf
1444 589 1533 627 derer
1547 586 1727 636 Prediger,

288 629 375 668 „zu
388 624 610 675 gebrauchen;
637 628 775 676 Mithin
791 632 847 671 der
860 628 1103 679 ohngereimten
1118 632 1348 684 Beymeſſung
1368 638 1425 677 des
1442 636 1537 683 Juris
1552 639 1728 678 Patrona-

288 680 414 718 „tus,
441 676 457 721 (des
550 672 692 727 Rechts,
710 673 874 734 Prediger
899 680 1146 727 einzuſetzen,)
1172 682 1234 723 wie
1251 683 1406 733 neulicher
1424 675 1486 735 Zeit
1499 685 1555 735 bey
1571 688 1725 738 Vorſtel⸗

287 720 418 773 „lung
432 724 524 774 Hrn,
538 726 614 768 Dr.
635 728 839 771 Muͤndens
859 727 1044 780 geſchehen,
1066 729 1129 779 ſich
1143 738 1179 779 zu
1196 730 1385 782 enthalten,
1412 735 1487 776 oder
1502 733 1578 776 aber
1598 732 1724 785 gewaͤr⸗

286 776 384 825 „tig
399 787 433 825 zu
450 779 541 827 ſeyn,
569 781 634 827 daß
650 782 707 831 bey
723 783 824 832 deſſen
842 783 1048 834 Entſtehung
1063 788 1132 826 und
1154 785 1376 836 unverhoffter
1390 790 1595 841 Fortſetzung
1619 790 1724 840 bishe⸗

286 827 420 876 „riger
433 830 585 880 widriger
601 832 818 882 Bezeigung,
843 843 903 874 um
929 835 979 876 die
996 845 1061 878 von
1077 838 1223 884 Kayſerl.
1239 836 1407 888 Majeſtaͤt
1420 832 1725 892 allergnaͤdigſt
1659 842 1726 892 ver⸗

288 876 474 926 „liehene,
500 883 570 920 und
582 880 699 930 Krafft
716 885 804 924 derer
818 878 1267 931 Reichs ⸗ Conſtitutionen
1282 887 1555 938 ohnzweifentlich
1567 890 1726 941 zuſtehen⸗

285 928 373 965 „de
394 927 626 978 obrigkeitliche
665 922 893 982 Gerechtſame
909 923 1054 983 aufrecht
1069 943 1105 981 zu
1126 932 1291 984 erhalten,
1317 935 1484 981 dasjenige
1498 941 1603 980 werde
1617 936 1725 990 verfuͤ⸗

286 978 389 1022 „get
403 978 473 1016 und
488 987 532 1018 an
548 977 658 1026 Hand
673 984 868 1027 genommen
882 984 1034 1028 werden,
1060 986 1136 1023 was
1151 977 1344 1026 bewandten
1359 977 1560 1035 Umſtaͤnden
1577 988 1658 1034 nach
1670 997 1723 1038 ge⸗

284 1032 396 1071 „gen
411 1026 606 1076 dergleichen
622 1016 738 1078 Unfug
754 1027 814 1079 ſich
829 1025 1003 1080 gebuͤhret,
1029 1034 1099 1072 und
1122 1042 1176 1082 zur
1191 1033 1412 1082 Abwendung
1433 1037 1582 1079 weiteren
1598 1040 1723 1082 unleid⸗

284 1077 433 1128 „lichen
449 1078 715 1129 Unternehmens
730 1078 1008 1132 ohnumgaͤnglich
1025 1085 1181 1131 erfordert
1195 1087 1290 1128 wird.
1317 1078 1510 1138 „Dieſer
1523 1093 1630 1136 gantze
1648 1091 1723 1141 Text

282 1130 320 1177 iſt
341 1132 371 1177 ſo
386 1132 523 1180 deutlich
538 1133 731 1182 abgefaſſet,
759 1134 824 1183 daß
844 1141 933 1184 gantz
955 1139 1038 1179 keine
1051 1139 1216 1185 Analyſis
1238 1138 1546 1192 (Erlaͤuterung)
1567 1145 1721 1193 deſſelben

283 1177 369 1218 wird
386 1176 502 1227 noͤthig
519 1177 602 1227 ſeyn.
656 1181 743 1224 Wir
757 1181 907 1226 erinnern
924 1194 987 1224 nur
1005 1184 1108 1229 dieſes
1130 1186 1276 1234 hierbey,
1304 1186 1369 1235 daß
1389 1188 1437 1229 die
1454 1181 1638 1241 Prediger,
1664 1200 1721 1230 wo

282 1226 324 1274 ſie
337 1219 536 1278 wahrhaffte
549 1230 681 1274 Diener
696 1234 753 1271 des
768 1230 942 1280 Evangelii
961 1236 1031 1276 und
1053 1234 1176 1284 Chriſti
1196 1232 1329 1281 waͤren,
1356 1246 1415 1277 vor
1429 1229 1622 1288 dergleichen
1642 1240 1720 1280 De-

284 1279 391 1316 cretis
405 1280 497 1326 wohl
510 1280 604 1326 ſicher
620 1281 761 1327 bleiben,
789 1286 865 1323 oder
877 1284 959 1332 aufs
977 1285 1131 1331 mindeſte
1152 1286 1239 1333 nicht
1261 1287 1323 1329 viel
1344 1289 1486 1334 darnach
1507 1288 1656 1339 fragten,
1684 1297 1722 1332 es

280 1322 407 1376 moͤchte
422 1326 503 1375 auch
518 1322 647 1379 darauf
652 1328 809 1379 erfolgen,
826 1336 902 1372 was
912 1333 1015 1374 wolle.
1067 1335 1144 1377 Und
1159 1334 1257 1384 dieſes
1269 1338 1348 1377 alles
1376 1338 1447 1387 ohne
1466 1332 1646 1394 Verletzung
1673 1338 1720 1389 ih⸗

280 1387 332 1421 rer
347 1384 403 1425 der
416 1380 593 1429 Obrigkeit
604 1384 675 1426 und
687 1378 850 1427 Societaͤt
869 1384 1050 1434 ſchuldigen
1065 1385 1414 1437 Burger⸗Pflichten.

968 1488 1021 1522 II.

280 1527 493 1576 Chriſtiani
511 1530 736 1577 Democriti
753 1525 963 1581 Manifeſt,
994 1530 1280 1594 (oͤffentliche
1292 1533 1723 1605 Verkuͤndigung,)

366 1598 444 1637 um
463 1591 544 1639 das
562 1593 776 1638 Publicum
797 1603 883 1641 von
898 1594 1049 1650 ſeinem
1069 1595 1349 1655 zukuͤnfftigen
1369 1600 1457 1647 und
1475 1609 1559 1647 von
1582 1601 1717 1650 denen

366 1649 635 1699 Orthodoxen
662 1651 703 1707 ſo
725 1650 899 1708 ſehnlich
924 1659 1175 1704 erwarteten
1197 1658 1286 1705 und
1317 1655 1522 1716 gehofften
1543 1660 1639 1710 Tod
1664 1671 1716 1720 zu

364 1704 627 1761 informiren,
652 1708 753 1756 und
776 1704 923 1766 ſolches
942 1716 1069 1765 gegen
1094 1708 1168 1761 alle
1189 1722 1240 1770 zu
1263 1703 1362 1770 fruͤh
1384 1712 1603 1771 erſonnene
1625 1717 1722 1768 Ge⸗

363 1762 501 1824 ruͤchte
515 1774 566 1824 zu
580 1766 842 1827 verwahren.

277 1829 405 1975 N

405 1866 554 1929 Achdem
567 1874 662 1927 ſchon
674 1870 747 1926 Zeit
762 1874 874 1915 Anno
895 1890 952 1916 12.
969 1877 1072 1929 dieſes
1096 1879 1280 1931 lauffenden
1300 1882 1419 1922 Seculi
1442 1883 1504 1934 faſt
1524 1886 1582 1927 alle
1601 1885 1716 1938 Jahre

435 1933 483 1973 ein
499 1938 599 1989 neues
614 1931 762 1983 Geruͤcht
762 1932 845 1984 von
860 1938 919 1977 des
928 1935 1137 1977 Democriti
1145 1939 1222 1984 Tod
1238 1939 1455 1990 ausgebreitet
1469 1945 1617 1987 worden,
1626 1952 1714 1990 zwar

276 1983 372 2020 unter
388 1980 566 2022 diverſen
563 1980 885 2035 (verſchiedenen)
886 1981 1109 2033 Umſtaͤnden,
1136 1988 1215 2035 doch
1230 1981 1345 2029 immer
1369 1990 1534 2038 hierinnen
1551 1993 1714 2031 accordi-

277 2034 379 2080 rend,
406 2031 472 2080 daß
486 2045 517 2074 er
533 2033 614 2083 noch
630 2045 689 2077 vor
705 2039 777 2078 dem
791 2037 869 2083 Tod
887 2038 966 2085 ſeine
978 2036 1181 2087 Jrrthuͤmer
1195 2041 1329 2084 erkannt
1342 2045 1410 2081 und
1426 2044 1621 2090 revociret,
1636 2048 1715 2086 den⸗

278 2081 359 2128 noch
373 2082 467 2127 aber,
494 2093 605 2133 wegen
622 2085 653 2133 ſo
668 2085 760 2127 vieler
773 2086 860 2136 ihme
879 2087 944 2134 auf
960 2090 1033 2129 dem
1047 2088 1142 2135 Hals
1156 2090 1313 2139 liegender
1328 2090 1514 2141 verfuͤhrten
1529 2094 1662 2141 Seelen
1747 2112 1752 2118 in

277 2132 438 2187 groͤſſeſter
453 2135 695 2187 Deſperation
712 2138 812 2187 dahin
828 2137 994 2189 gefahren.
1048 2141 1141 2185 Auch
1156 2144 1236 2191 noch
1252 2143 1387 2191 kuͤrtzlich
1404 2146 1436 2186 in
1452 2150 1506 2188 der
1516 2147 1714 2198 Franckfur⸗

278 2187 326 2224 ter
338 2185 565 2238 Oſter⸗Meſſe
582 2189 680 2237 dieſes
693 2185 845 2237 Geruͤcht
859 2188 1005 2232 abermal
1019 2190 1052 2239 ſo
1064 2192 1239 2241 ſteifſinnig
1252 2192 1417 2236 debitiret
1449 2189 1716 2246 (ausgebreitet)

275 2235 424 2279 worden,
434 2230 499 2281 daß
509 2239 543 2275 es
553 2232 632 2283 noch
641 2236 692 2278 bis
701 2236 766 2283 auf
768 2239 846 2287 dieſe
854 2237 1006 2283 Stunde
1014 2239 1103 2285 nicht
1123 2240 1272 2282 wiederum
1294 2247 1359 2280 aus
1368 2244 1467 2284 denen
1482 2238 1713 2288 orthodoxen

277 2282 418 2335 Koͤpffen
440 2296 476 2335 zu
492 2285 627 2330 bringen
642 2287 795 2336 geweſen.
847 2288 973 2336 Zumal
987 2294 1028 2331 da
1045 2292 1093 2330 ein
1108 2293 1332 2338 Reformirter
1347 2294 1510 2345 Prediger
1525 2297 1556 2337 in
1571 2297 1713 2348 Franck⸗

275 2329 346 2377 furt
361 2333 477 2383 ſolches
500 2327 597 2383 zuerſt
618 2333 675 2385 bey
689 2335 781 2384 Hrn,
797 2337 910 2385 D**,
935 2331 1041 2380 einem
1055 2338 1285 2387 Reformirten
1294 2339 1526 2392 Kauffmann,
1553 2343 1624 2391 ſehr
1638 2353 1711 2385 um⸗

275 2378 428 2432 ſtaͤndlich
442 2382 678 2435 ausgebracht,
706 2386 775 2429 und
788 2384 869 2437 noch
884 2386 986 2438 dabey
1006 2384 1085 2439 ſeine
1101 2386 1278 2440 Maͤhrlein
1301 2391 1364 2435 mit
1386 2394 1460 2435 dem
1479 2393 1710 2447 pathetiſchen
