1866 2815
594 1049 650 1084 16.

589 1595 645 1633 17.

584 2199 639 2239 18.

705 523 866 561 umquam
886 514 1009 552 viderit
1026 515 1075 550 ira
1102 521 1338 561 commotum,
1359 518 1412 552 vel
1437 517 1554 555 animo
1584 526 1655 555 tur-

703 565 843 615 batum,
857 566 912 606 ſed
929 577 1046 605 mente
1061 566 1193 618 ſemper
1207 571 1387 619 tranquilla
1406 579 1439 607 et
1455 574 1550 609 vultu
1568 571 1655 610 ſere-

702 639 769 672 no,
789 637 825 664 ut
840 631 982 677 angelus
999 633 1084 675 Dei,
1105 631 1174 668 ſine
1189 633 1456 681 reprehenſione
1478 636 1655 674 laudabili-

702 696 756 721 ter
772 689 806 720 in
825 684 988 722 omnibus
1015 686 1237 725 converſatus
1259 689 1314 725 eſt.
1367 694 1406 726 In
1430 689 1577 728 lectione
1601 692 1654 728 di-

701 749 857 783 vinarum
888 744 1128 795 ſcripturarum
1155 746 1286 797 ſemper
1312 748 1374 786 fuit
1401 751 1653 790 ſtudioſiſſimus

697 816 762 840 nec
777 807 848 838 ullo
865 816 1025 853 umquam
1041 818 1199 856 tempore
1217 803 1359 845 otioſus.
1401 810 1543 856 Semper
1560 812 1652 846 enim

699 878 757 907 aut
783 867 910 921 ſcripſit
925 880 983 908 aut
1008 872 1107 922 legit,
1126 876 1178 911 vel
1202 872 1323 912 ſanctis
1348 877 1563 914 orationibus
1589 877 1654 914 fuit

698 928 864 966 intentus.
916 932 1069 964 Moritur
1085 939 1219 973 autem,
1237 939 1314 965 cum
1341 931 1380 965 16
1395 928 1576 978 præfuiſſet
1592 944 1652 970 an-

699 989 772 1029 nis,
792 998 886 1022 anno
904 991 983 1022 Dm.
1003 997 1089 1032 938.
1108 992 1163 1025 die
1194 1000 1232 1034 15
1249 989 1372 1027 menſis
1399 988 1579 1030 Octobris.

676 1048 886 1091 Diethardus,
904 1053 935 1083 S.
957 1053 1086 1084 Aurelii
1104 1049 1313 1092 monachus,
1328 1049 1385 1099 vir
1399 1058 1467 1087 tam
1494 1048 1652 1088 ſecularis

690 1124 793 1161 quam
811 1111 989 1164 ſpiritualis
1006 1119 1203 1154 litteraturæ
1218 1130 1292 1153 non
1307 1120 1466 1168 ignarus,
1485 1127 1599 1156 metro
1615 1127 1653 1156 et

690 1168 791 1217 proſa
809 1169 955 1218 ſcriptor
972 1170 1287 1216 exercitatiſſimus;
1316 1183 1379 1207 nec
1398 1174 1512 1210 minus
1532 1171 1651 1211 ſancti-

690 1231 809 1266 monia
824 1232 902 1266 vitæ
918 1244 1019 1279 quam
1038 1233 1259 1270 illuſtratione
1277 1232 1420 1271 ſcientiæ
1440 1242 1566 1271 æterna
1583 1244 1651 1270 me-

689 1292 801 1323 moria
820 1293 965 1335 dignus,
983 1294 1041 1336 qui
1058 1293 1172 1327 multis
1190 1293 1287 1327 annis
1312 1294 1346 1327 in
1363 1294 1534 1341 regimine
1552 1292 1650 1330 ſcho-

688 1352 729 1384 læ
752 1351 945 1386 monaſticæ
961 1352 1130 1387 Luthelmi
1145 1354 1329 1390 coadiutor
1348 1352 1409 1388 fuit,
1460 1358 1499 1404 et
1494 1354 1650 1402 quædam

688 1418 762 1443 non
795 1410 1060 1446 contemnendæ
1081 1410 1236 1447 lectionis
1263 1410 1424 1459 opuſcula
1448 1414 1651 1454 lucubravit,

687 1469 746 1515 qui
765 1474 877 1502 tamen
898 1467 1055 1518 priorum
1075 1466 1284 1516 negligentia
1296 1474 1429 1517 patrum
1446 1470 1488 1506 ab
1500 1473 1571 1507 aliis
1582 1472 1649 1509 ho-

685 1531 742 1569 die
767 1541 943 1580 nequeunt
958 1531 1115 1571 diſcerni.

674 1590 872 1620 Diethardus
895 1591 993 1641 alius,
1001 1592 1039 1639 S.
1055 1588 1184 1625 Aurelii
1201 1585 1393 1625 monachus
1422 1595 1456 1626 et
1486 1585 1646 1640 ſeptimus

687 1654 723 1686 in
744 1649 945 1699 præfectura
964 1650 1149 1690 ſcholaſtici
1176 1654 1345 1697 muneris,
1364 1653 1552 1692 Heribordi
1576 1654 1648 1693 ſuc-

690 1708 820 1752 ceſſor,
831 1710 884 1745 vir
895 1720 967 1745 non
979 1710 1096 1747 inſime
1111 1710 1255 1754 doctus,
1264 1711 1323 1761 qui
1341 1713 1537 1760 magiſterio
1549 1712 1648 1750 ſcho-

685 1772 795 1803 larum
814 1765 967 1815 ſuſcepto
992 1777 1155 1815 magnum
1180 1770 1385 1807 eruditionis
1412 1768 1475 1807 ſuæ
1498 1771 1645 1809 fructum

688 1829 853 1875 protulit,
866 1839 905 1876 et
917 1829 1110 1862 monachos
1126 1828 1162 1861 in
1177 1828 1275 1863 omni
1287 1825 1421 1864 ſcientia
1436 1827 1647 1867 doctiſſimos

686 1892 804 1934 plures
822 1891 982 1930 erudivit.
1033 1890 1174 1928 Præfuit
1191 1900 1305 1928 autem
1322 1893 1421 1927 annis
1446 1901 1500 1933 14.
1520 1899 1554 1927 et
1573 1904 1646 1931 non

686 1948 796 1984 ſolum
812 1947 1090 1995 Hirſaugienſes,
1114 1947 1169 1987 ſed
1191 1951 1294 1985 etiam
1310 1961 1357 1986 ex
1379 1951 1451 1987 aliis
1475 1953 1646 1989 monaſte-

686 2006 748 2040 riis
768 2007 812 2039 ad
835 2006 868 2040 ſe
888 2010 1075 2045 deſtinatos
1102 2004 1315 2050 monachos,
1343 2007 1377 2040 in
1397 2005 1496 2041 omni
1515 2019 1646 2057 genere

686 2062 922 2101 doctrinarum
945 2063 1088 2110 copioſe
1113 2064 1266 2101 inſtituit.
1319 2062 1419 2102 Obiit
1443 2075 1537 2103 anno
1561 2069 1642 2105 Dm.

687 2133 774 2167 952.
795 2121 887 2158 ſexta
904 2123 959 2158 die
974 2124 1122 2160 Ianuarii
1141 2134 1235 2158 anno
1251 2123 1356 2161 ætatis
1373 2121 1438 2162 ſuæ
1456 2130 1522 2169 63.

669 2192 896 2247 Meginradus,
917 2197 950 2233 S.
962 2197 1093 2234 Aurelii
1111 2195 1301 2236 monachus
1317 2207 1351 2234 et
1372 2198 1531 2249 magiſter
1547 2198 1645 2237 ſcho-

680 2260 791 2297 larum
807 2257 961 2302 octavus.
1014 2262 1078 2300 Vir
1097 2262 1132 2299 in
1152 2259 1248 2298 omni
1264 2271 1395 2310 genere
1408 2262 1646 2303 doctrinarum
