1710 2473
1088 260 1174 314 147

175 384 249 411 nen.
303 374 373 416 Sie
395 375 502 425 fuͤhren
514 373 685 420 Judithen
704 378 815 412 redend
830 375 896 413 ein:
922 370 1012 420 „Jch
1026 375 1172 421 verlange

174 428 222 464 die
240 426 405 474 Erbſchaft
425 433 476 465 der
490 427 609 472 Graͤfin
623 426 755 471 Ferretti
779 434 840 463 aus
860 430 917 464 den
939 427 1000 463 mir
1025 426 1171 472 vermoͤge

173 477 288 514 meiner
301 478 433 521 Perſon,
456 473 545 520 (jure
560 475 720 520 proprio)
741 476 936 522 zuſtehenden
952 474 1171 519 Rechtsgruͤn⸗

174 526 247 572 den;
275 528 367 571 durch
382 527 430 562 die
443 517 656 572 Handlungen
671 526 790 562 meines
806 526 984 573 Erblaſſers
1004 528 1104 564 werde
1122 526 1169 569 ich

172 579 252 622 nicht
273 578 452 622 gebunden;
493 576 537 616 ich
561 576 638 624 habe
659 579 707 614 ein
729 574 964 622 Jnventarium
993 575 1167 624 gefertiget,

171 636 234 669 und
250 632 330 668 kann
344 631 438 677 daher
453 632 501 667 die
516 630 667 669 Qualitaͤt
681 637 732 669 der
747 631 863 677 Erbin,
877 631 925 667 die
940 630 984 674 ich
999 639 1167 676 angenom⸗

172 691 242 718 men
264 679 360 728 habe,
387 681 497 717 wieder
518 679 673 727 ablegen.”
724 681 845 726 Allein,
871 680 904 718 in
920 678 993 717 eben
1011 681 1042 726 ſo
1063 679 1168 729 hinge⸗

171 734 324 779 worfenen
340 731 617 778 Erwiederungen,
642 733 718 780 darf
735 732 779 778 ich
798 733 867 770 blos
889 738 1082 770 antworten:
1110 733 1165 779 ha⸗

170 784 227 823 ben
244 786 281 832 ſie
296 784 344 822 ein
360 781 595 830 Jnventarium
612 783 780 833 gefertiget,
807 784 836 829 ſo
851 783 949 834 haben
964 786 1001 833 ſie
1016 785 1081 823 eine
1095 785 1165 824 An⸗

172 836 300 881 leitung,
327 838 387 873 das
408 846 651 881 angenommene
672 827 819 876 Gewand
835 841 891 876 des
905 834 1026 887 Erben,
1052 835 1166 875 wieder

169 888 346 934 abzulegen.
411 888 504 933 Legen
532 891 570 934 ſie
601 897 637 925 es
668 890 765 937 daher
783 891 897 926 wieder
921 886 983 934 ab,
1022 898 1113 926 wenn
1127 896 1164 926 es

170 939 263 989 ihnen
280 942 406 987 gefaͤllt,
433 943 517 987 legen
531 944 570 988 ſie
582 942 794 987 Rechnungen
816 941 876 985 ab,
902 943 1043 987 entſagen
1058 944 1097 985 ſie
1109 947 1164 979 der

173 990 354 1035 vaͤterlichen
369 980 550 1041 Erbſchaft!
588 989 649 1031 So
663 992 753 1037 lange
767 991 805 1037 ſie
817 991 890 1028 aber
911 992 979 1028 dies
993 991 1074 1034 nicht
1086 1001 1165 1027 wer⸗

173 1044 230 1081 den
251 1042 363 1092 gethan
380 1040 492 1092 haben,
518 1046 639 1082 werden
655 1042 747 1094 ihnen
763 1044 875 1082 immer
888 1045 936 1083 die
950 1044 1107 1094 Pflichten
1121 1044 1162 1082 ei⸗

173 1106 229 1137 nes
243 1098 350 1139 Erben
371 1097 528 1143 obliegen;
553 1098 591 1145 ſie
607 1102 727 1136 werden
742 1100 790 1136 die
804 1098 922 1146 Perſon
937 1098 1020 1147 ihres
1033 1097 1164 1139 Vaters

173 1151 344 1197 vorſtellen,
371 1155 435 1188 und
451 1152 544 1191 durch
557 1152 654 1195 deſſen
668 1150 880 1196 Handlungen
900 1149 1077 1187 verbunden
1099 1153 1165 1187 und

172 1202 396 1250 eingeſchraͤnkt
409 1206 542 1247 werden,
569 1203 653 1249 ſelbſt
666 1214 755 1240 wenn
769 1205 807 1250 ſie
819 1208 879 1240 das
895 1203 987 1250 ihnen
1002 1202 1087 1248 ſelbſt
1102 1204 1163 1240 ori⸗

172 1250 267 1299 ginell
280 1254 455 1301 zuſtehende
470 1257 533 1291 und
549 1246 628 1302 nicht
648 1263 696 1292 von
711 1255 808 1299 ihrem
818 1253 925 1292 Vater
939 1254 1053 1292 ererbte
1061 1254 1162 1297 Recht

171 1306 246 1354 (jus
272 1306 466 1351 proprium)
486 1307 548 1354 auf
563 1309 611 1346 die
631 1306 775 1356 Graͤflich
797 1302 994 1357 Ferrettiſche
1011 1302 1166 1358 Erbſchaft

171 1354 314 1394 ausuͤben
328 1354 450 1392 wollen.

638 1406 698 1442 60.

248 1458 337 1502 Dies
353 1458 391 1506 iſt
405 1468 461 1504 gar
473 1456 555 1497 keine
569 1453 819 1506 Jurisprudenz,
837 1462 909 1495 was
921 1457 975 1495 der
988 1455 1019 1503 §.
1033 1467 1095 1506 41.
1107 1457 1165 1495 des

173 1510 380 1557 gegneriſchen
394 1511 578 1562 Anfuͤhrens
593 1510 721 1561 enthaͤlt.
753 1511 885 1558 „Wenn
899 1521 960 1551 von
976 1511 1103 1552 Guͤtern
1117 1512 1167 1549 die

175 1559 267 1600 Rede
282 1560 329 1607 iſt,
353 1559 462 1603 welche
476 1564 546 1598 dem
562 1558 669 1600 Erben
683 1565 746 1597 aus
761 1559 828 1606 ihm
847 1559 971 1605 eigenen
986 1558 1168 1597 unererbten

177 1611 293 1658 Rechte
308 1612 458 1661 zuſtehen,
485 1612 514 1658 ſo
535 1613 573 1658 iſt
587 1619 622 1647 es
636 1621 750 1657 genug,
774 1623 863 1648 wenn
878 1624 910 1650 er
929 1613 1015 1660 ſelbſt
1028 1614 1076 1651 ein
1092 1613 1168 1656 rich⸗

178 1664 260 1711 tiges
280 1663 515 1709 Jnventarium
534 1664 658 1712 gehoͤrig
680 1665 819 1710 gemacht
838 1664 911 1712 hat,
944 1674 1017 1711 um,
1054 1662 1168 1714 ſowohl

179 1718 273 1759 durch
288 1717 497 1762 Exceptionen
517 1721 574 1756 den
588 1717 747 1763 Anſpruch
769 1716 853 1754 eines
875 1718 991 1754 andern
1013 1718 1075 1763 auf
1092 1718 1171 1763 dieſe

182 1770 288 1810 Guͤter
302 1769 559 1817 auszuſchlieſſen,
585 1771 649 1806 und
673 1769 711 1815 ſie
729 1763 835 1817 zuruͤck
855 1780 892 1817 zu
913 1768 1030 1817 halten,
1055 1770 1108 1806 als
1134 1770 1175 1816 ſie

179 1820 227 1856 im
242 1815 346 1862 Wege
366 1819 419 1852 der
432 1817 604 1861 rechtlichen
619 1814 725 1861 Klage
746 1825 783 1862 zu
805 1815 988 1860 vindiciren,
1012 1813 1090 1861 ohne
1103 1822 1174 1851 vor⸗

183 1871 238 1920 her
259 1869 307 1907 die
321 1867 474 1908 Qualitaͤt
494 1874 548 1909 als
559 1870 646 1912 Erbe
664 1868 791 1913 ablegen
811 1878 849 1914 zu
869 1870 1020 1916 muͤſſen.”
1069 1870 1176 1910 Allen⸗

186 1923 263 1971 falls
276 1921 313 1968 iſt
328 1922 406 1968 dieſe
420 1919 658 1968 Jurisprudenz
673 1928 752 1966 ganz
767 1929 838 1957 neu.
887 1921 988 1963 Denn
1009 1921 1116 1972 bisher
1138 1922 1178 1969 iſt

186 1977 256 2014 dies
272 1973 386 2012 immer
399 1972 558 2019 Rechtens
578 1974 723 2020 geweſen,
747 1972 810 2017 daß
829 1976 881 2013 der
895 1972 980 2016 Erbe
1000 1975 1048 2013 die
1062 1972 1179 2021 Hand⸗

190 2024 304 2074 lungen
318 2027 376 2067 des
389 2022 569 2076 Erblaſſers
586 2028 639 2077 auf
658 2018 746 2073 keine
749 2024 856 2072 Weiſe
870 2024 1029 2075 anfechten
1049 2025 1181 2068 koͤnnen,

757 2082 802 2135 K
802 2082 844 2135 3

1084 2080 1187 2115 wenn
