<PcGts xmlns="http://schema.primaresearch.org/PAGE/gts/pagecontent/2019-07-15" xmlns:xsi="http://www.w3.org/2001/XMLSchema-instance" pcGtsId="PAGE_01" xsi:schemaLocation="http://schema.primaresearch.org/PAGE/gts/pagecontent/2019-07-15 http://schema.primaresearch.org/PAGE/gts/pagecontent/2019-07-15/pagecontent.xsd">
  <Metadata>
    <Creator>OCR-D DFG Phase III</Creator>
    <Created>2024-01-19T13:07:08Z</Created>
    <LastChange>2024-01-19T13:07:08Z</LastChange>
    <Comments>ODEM: OCR-D extension for mass digitization (2021-2024)</Comments>
  </Metadata>
  <Page imageFilename="MAX/urn+nbn+de+gbv+3+1-120876_urn+nbn+de+gbv+3+1-120876-p0019-8_ger+lat.png" imageWidth="1470" imageHeight="2195" type="content" secondaryLanguage="Latin" primaryLanguage="German">
    <Border>
      <Coords points="55,341 66,2098 1188,2103 1210,327"/>
    </Border>
    <ReadingOrder>
      <OrderedGroup id="ro_1676970500937" caption="Regions reading order">
        <RegionRefIndexed index="1" regionRef="TextRegion_1644843150678_432"/>
        <RegionRefIndexed index="2" regionRef="TextRegion_1644843165904_447"/>
        <RegionRefIndexed index="3" regionRef="TextRegion_1644843165904_446"/>
        <RegionRefIndexed index="4" regionRef="TextRegion_1644843160881_436"/>
        <RegionRefIndexed index="5" regionRef="TextRegion_1644843464678_646"/>
        <RegionRefIndexed index="6" regionRef="TextRegion_1676366839461_2701"/>
        <RegionRefIndexed index="7" regionRef="TextRegion_1676366845504_2717"/>
        <RegionRefIndexed index="8" regionRef="TextRegion_1676366844617_2711"/>
        <RegionRefIndexed index="9" regionRef="TextRegion_1641807556815_111"/>
      </OrderedGroup>
    </ReadingOrder>
    <GraphicRegion id="Graphic_1676366822650_2696" custom="readingOrder {index:0;}">
      <Coords points="128,261 1051,261 1051,328 128,328"/>
    </GraphicRegion>
    <TextRegion orientation="0.542491" type="heading" readingDirection="left-to-right" id="TextRegion_1644843150678_432" custom="readingOrder {index:1;} structure {type:heading;}">
      <Coords points="101,330 1066,326 1063,451 98,451"/>
      <TextLine id="line_1641807821991_224" custom="readingOrder {index:0;}">
        <Coords points="427,340 718,340 718,389 427,389"/>
        <Word id="word_1641807825833_227" custom="readingOrder {index:0;}">
          <Coords points="441,345 498,345 498,386 441,386"/>
          <TextEquiv>
            <Unicode>J.</Unicode>
          </TextEquiv>
        </Word>
        <Word id="word_1641807828055_230" custom="readingOrder {index:1;}">
          <Coords points="538,343 609,343 609,384 538,384"/>
          <TextEquiv>
            <Unicode>N.</Unicode>
          </TextEquiv>
        </Word>
        <Word id="word_1641807830197_233" custom="readingOrder {index:2;}">
          <Coords points="658,343 716,343 716,384 658,384"/>
          <TextEquiv>
            <Unicode>J.</Unicode>
          </TextEquiv>
        </Word>
        <TextEquiv>
          <Unicode>J. N. J.</Unicode>
        </TextEquiv>
      </TextLine>
      <TextLine id="line_1641807649092_144" custom="readingOrder {index:1;}">
        <Coords points="543,383 543,444 596,444 596,383"/>
        <Word id="word_1641807649223_147" custom="readingOrder {index:0;}">
          <Coords points="596,444 543,444 543,383 596,383"/>
          <TextEquiv>
            <Unicode>I.</Unicode>
          </TextEquiv>
        </Word>
        <TextEquiv>
          <Unicode>I.</Unicode>
        </TextEquiv>
      </TextLine>
      <TextEquiv>
        <Unicode>J. N. J.&#13;
I.</Unicode>
      </TextEquiv>
    </TextRegion>
    <TextRegion orientation="0.542491" type="drop-capital" readingDirection="left-to-right" id="TextRegion_1644843165904_447" custom="readingOrder {index:2;} structure {type:drop-capital;}">
      <Coords points="98,451 280,451 280,631 93,631"/>
      <TextLine id="line_1644843194100_468" custom="readingOrder {index:0;}">
        <Coords points="203,448 255,449 260,449 280,450 280,523 282,597 234,608 180,615 141,603 124,449"/>
        <Word id="word_1644843165943_452" custom="readingOrder {index:0;}">
          <Coords points="144,457 218,464 226,463 280,460 280,524 274,525 263,601 140,601"/>
          <TextEquiv>
            <Unicode>U</Unicode>
          </TextEquiv>
        </Word>
        <TextEquiv>
          <Unicode>U</Unicode>
        </TextEquiv>
      </TextLine>
      <TextEquiv>
        <Unicode>U</Unicode>
      </TextEquiv>
    </TextRegion>
    <TextRegion orientation="0.542491" type="paragraph" readingDirection="left-to-right" id="TextRegion_1644843165904_446" custom="readingOrder {index:3;} structure {type:paragraph;}">
      <Coords points="280,451 1063,451 1058,631 280,631"/>
      <TextLine id="line_1644843165943_449" custom="readingOrder {index:0;}">
        <Coords points="280,450 283,456 360,455 373,458 395,449 509,449 518,452 529,461 564,463 615,460 645,449 726,448 753,453 776,447 910,447 937,457 976,455 983,446 999,446 1006,455 1040,455 1040,515 850,521 799,516 787,522 781,521 776,515 705,519 700,522 617,520 589,521 580,528 563,531 548,526 545,521 475,523 471,520 453,521 448,518 423,517 391,516 382,520 374,515 368,515 355,517 343,524 334,516 325,522 280,520"/>
        <Word id="word_1644843165943_451" custom="readingOrder {index:0;}">
          <Coords points="280,460 305,459 421,458 421,516 343,524 280,524"/>
          <TextEquiv>
            <Unicode>Nſre</Unicode>
          </TextEquiv>
        </Word>
        <Word id="region0002_line0001_word0002" custom="readingOrder {index:1;}">
          <Coords points="1035,515 1035,460 420,466 420,516 423,517 448,518 453,521 471,520 475,523 545,521 548,526 563,531 580,528 589,521 617,520 700,522 705,519 776,515 781,521 787,522 799,516 850,521"/>
          <TextEquiv conf="0.92428184">
            <Unicode>Morgen⸗Beth⸗Stunde</Unicode>
          </TextEquiv>
        </Word>
        <TextEquiv>
          <Unicode>Nſre Morgen⸗Beth⸗Stunde</Unicode>
        </TextEquiv>
      </TextLine>
      <TextLine id="line_1644843165959_453" custom="readingOrder {index:1;}">
        <Coords points="280,523 325,523 334,517 343,525 368,516 374,516 382,521 423,518 479,526 550,527 563,532 586,526 611,527 617,521 633,522 639,527 667,526 696,524 705,520 723,521 754,516 776,516 785,523 800,517 842,523 872,520 875,523 923,523 930,518 942,518 962,523 1040,522 1041,573 985,574 968,571 963,575 942,573 931,576 909,571 802,580 748,580 723,575 699,578 656,575 626,579 553,579 547,575 528,578 516,575 504,578 488,575 482,579 436,577 421,580 408,574 390,574 383,571 367,573 361,570 338,575 291,576 280,566"/>
        <Word id="word_1644843165959_455" custom="readingOrder {index:0;}">
          <Coords points="280,529 389,529 390,574 383,571 367,573 361,570 338,575 291,576 280,566"/>
          <TextEquiv>
            <Unicode>wird</Unicode>
          </TextEquiv>
        </Word>
        <Word id="region0002_line0002_word0001" custom="readingOrder {index:1;}">
          <Coords points="554,529 400,530 401,574 408,574 419,579 427,579 436,577 469,578 483,578 488,575 504,578 516,575 528,578 529,578 547,575 551,578 634,577 633,528 576,528 563,532"/>
          <TextEquiv conf="0.92797256">
            <Unicode>Sommers</Unicode>
          </TextEquiv>
        </Word>
        <Word id="region0002_line0002_word0002" custom="readingOrder {index:2;}">
          <Coords points="642,530 728,529 729,572 643,573"/>
          <TextEquiv conf="0.92797256">
            <Unicode>und</Unicode>
          </TextEquiv>
        </Word>
        <Word id="region0002_line0002_word0003" custom="readingOrder {index:3;}">
          <Coords points="942,573 944,573 943,524 746,526 747,575 877,574 909,571 919,573 942,573 942,573"/>
          <TextEquiv conf="0.9225767">
            <Unicode>Winters</Unicode>
          </TextEquiv>
        </Word>
        <Word id="region0002_line0002_word0004" custom="readingOrder {index:4;}">
          <Coords points="951,530 1034,529 1035,567 952,568"/>
          <TextEquiv conf="0.7312025">
            <Unicode>von</Unicode>
          </TextEquiv>
        </Word>
        <TextEquiv>
          <Unicode>wird Sommers und Winters von</Unicode>
        </TextEquiv>
      </TextLine>
      <TextLine id="line_1676970446147_585" custom="readingOrder {index:2;}">
        <Coords points="291,577 352,571 975,572 1041,578 1041,626 886,634 669,641 628,642 618,642 540,642 290,640 283,636 280,626 280,586"/>
        <Word id="word_1642066924780_1790" custom="readingOrder {index:0;}">
          <Coords points="287,587 318,587 318,619 315,620 312,628 296,630 289,626 288,616 287,616"/>
          <TextEquiv conf="0.77030855">
            <Unicode>7</Unicode>
          </TextEquiv>
        </Word>
        <Word id="word_1644843160928_440" custom="readingOrder {index:1;}">
          <Coords points="346,587 411,587 411,631 371,631 353,629 346,629"/>
          <TextEquiv conf="0.96366256">
            <Unicode>biß</Unicode>
          </TextEquiv>
        </Word>
        <Word id="word_1644843160928_442" custom="readingOrder {index:2;}">
          <Coords points="431,592 456,591 456,631 431,631"/>
          <TextEquiv conf="0.96366256">
            <Unicode>8</Unicode>
          </TextEquiv>
        </Word>
        <Word id="region0002_line0005_word0003" custom="readingOrder {index:3;}">
          <Coords points="580,634 580,585 487,586 487,636 530,636 539,641 540,641 554,631"/>
          <TextEquiv conf="0.96436155">
            <Unicode>Uhr</Unicode>
          </TextEquiv>
        </Word>
        <Word id="region0002_line0005_word0004" custom="readingOrder {index:4;}">
          <Coords points="791,632 791,583 610,585 610,634 615,639 634,639 647,635 658,634 661,639 672,639 683,634 707,633 714,630"/>
          <TextEquiv>
            <Unicode>gehalten.</Unicode>
          </TextEquiv>
        </Word>
        <Word id="region0002_line0005_word0005" custom="readingOrder {index:5;}">
          <Coords points="939,626 939,584 856,585 856,631 863,630 865,631 903,631"/>
          <TextEquiv conf="0.9325501">
            <Unicode>Die</Unicode>
          </TextEquiv>
        </Word>
        <Word id="region0002_line0005_word0006" custom="readingOrder {index:6;}">
          <Coords points="960,576 1034,579 1033,622 959,619"/>
          <TextEquiv>
            <Unicode>In-</Unicode>
          </TextEquiv>
        </Word>
        <TextEquiv>
          <Unicode>7 biß 8 Uhr gehalten. Die In-</Unicode>
        </TextEquiv>
      </TextLine>
      <TextEquiv>
        <Unicode>Nſre Morgen⸗Beth⸗Stunde&#13;
wird Sommers und Winters von&#13;
7 biß 8 Uhr gehalten. Die In- 7 biß 8 Uhr gehalten. Die In-</Unicode>
      </TextEquiv>
    </TextRegion>
    <TextRegion orientation="0.542491" type="paragraph" readingDirection="left-to-right" id="TextRegion_1644843160881_436" custom="readingOrder {index:4;} structure {type:paragraph;}">
      <Coords points="93,631 1058,631 1050,1019 85,1023"/>
      <TextLine id="line_1646049337746_2466" custom="readingOrder {index:0;}">
        <Coords points="77,630 242,617 953,625 1006,626 1041,631 1041,685 971,690 771,696 679,698 401,696 77,688"/>
        <Word id="region0002_line0004_word0000" custom="readingOrder {index:0;}">
          <Coords points="193,632 137,633 138,678 320,677 319,638 290,641 268,637 263,632 213,632 209,635"/>
          <TextEquiv conf="0.79675233">
            <Unicode>ſpection</Unicode>
          </TextEquiv>
        </Word>
        <Word id="region0002_line0004_word0001" custom="readingOrder {index:1;}">
          <Coords points="359,632 338,632 339,683 410,683 409,639 389,641 383,638 362,638"/>
          <TextEquiv conf="0.96742773">
            <Unicode>bey</Unicode>
          </TextEquiv>
        </Word>
        <Word id="region0002_line0004_word0002" custom="readingOrder {index:2;}">
          <Coords points="421,634 422,677 519,676 518,638 446,638 434,634"/>
          <TextEquiv conf="0.9682977">
            <Unicode>dem</Unicode>
          </TextEquiv>
        </Word>
        <Word id="region0002_line0004_word0003" custom="readingOrder {index:3;}">
          <Coords points="528,638 529,677 662,675 661,639 658,635 618,643 608,633 579,638 572,633 554,632 540,643 531,638"/>
          <TextEquiv conf="0.8906376">
            <Unicode>Gebet</Unicode>
          </TextEquiv>
        </Word>
        <Word id="region0002_line0004_word0004" custom="readingOrder {index:4;}">
          <Coords points="677,638 678,684 799,683 798,634 797,633 782,634 779,637 742,638 738,632 714,631 701,638 678,638"/>
          <TextEquiv conf="0.96381974">
            <Unicode>pflegt</Unicode>
          </TextEquiv>
        </Word>
        <Word id="region0002_line0004_word0005" custom="readingOrder {index:5;}">
          <Coords points="827,637 828,674 910,673 909,632 884,637 869,637 863,631 850,632 844,637"/>
          <TextEquiv conf="0.9326916">
            <Unicode>eine</Unicode>
          </TextEquiv>
        </Word>
        <Word id="word_1644843160928_443" custom="readingOrder {index:6;}">
          <Coords points="928,631 1035,631 1036,675 929,676"/>
          <TextEquiv>
            <Unicode>Wo⸗</Unicode>
          </TextEquiv>
        </Word>
        <TextEquiv>
          <Unicode>ſpection bey dem Gebet pflegt eine Wo⸗</Unicode>
        </TextEquiv>
      </TextLine>
      <TextLine id="line_1646049364755_2477" custom="readingOrder {index:1;}">
        <Coords points="158,679 163,679 1032,686 1041,689 1041,742 996,748 537,750 167,750 77,743 77,695"/>
        <Word id="region0002_line0006_word0000" custom="readingOrder {index:0;}">
          <Coords points="163,679 158,679 151,683 144,693 138,693 138,742 154,742 154,743 197,743 197,693 173,693 172,688"/>
          <TextEquiv conf="0.9148811">
            <Unicode>che</Unicode>
          </TextEquiv>
        </Word>
        <Word id="region0002_line0006_word0001" custom="readingOrder {index:1;}">
          <Coords points="208,695 275,694 275,738 208,739"/>
          <TextEquiv conf="0.9280848">
            <Unicode>der</Unicode>
          </TextEquiv>
        </Word>
        <Word id="region0002_line0006_word0002" custom="readingOrder {index:2;}">
          <Coords points="326,688 297,689 297,739 472,737 472,695 401,697 390,687 367,688 364,689 361,693"/>
          <TextEquiv conf="0.89369506">
            <Unicode>Rector,</Unicode>
          </TextEquiv>
        </Word>
        <Word id="region0002_line0006_word0003" custom="readingOrder {index:3;}">
          <Coords points="493,690 493,735 550,734 550,696 538,696 531,690 521,690 513,695 502,689"/>
          <TextEquiv conf="0.9282944">
            <Unicode>die</Unicode>
          </TextEquiv>
        </Word>
        <Word id="region0002_line0006_word0004" custom="readingOrder {index:4;}">
          <Coords points="569,696 569,734 695,733 695,695 693,695 679,699 672,695 646,696 636,690 628,690 620,696 585,697"/>
          <TextEquiv conf="0.92769134">
            <Unicode>andre</Unicode>
          </TextEquiv>
        </Word>
        <Word id="region0002_line0006_word0005" custom="readingOrder {index:5;}">
          <Coords points="715,692 715,733 782,732 782,693 771,697 734,695 718,690"/>
          <TextEquiv conf="0.92730284">
            <Unicode>der</Unicode>
          </TextEquiv>
        </Word>
        <Word id="region0002_line0006_word0006" custom="readingOrder {index:6;}">
          <Coords points="808,691 808,728 968,726 968,691 950,693 853,694 845,688 819,687"/>
          <TextEquiv conf="0.9205886">
            <Unicode>Cantor</Unicode>
          </TextEquiv>
        </Word>
        <Word id="region0002_line0006_word0007" custom="readingOrder {index:7;}">
          <Coords points="983,690 983,736 1033,736 1033,687 1020,687"/>
          <TextEquiv conf="0.9205886">
            <Unicode>zu</Unicode>
          </TextEquiv>
        </Word>
        <TextEquiv>
          <Unicode>che der Rector, die andre der Cantor zu</Unicode>
        </TextEquiv>
      </TextLine>
      <TextLine id="region0002_line0007" custom="readingOrder {index:2;}">
        <Coords points="149,743 131,746 77,746 77,776 78,801 146,799 158,803 163,800 207,802 213,798 227,796 245,803 283,807 294,811 307,807 332,807 351,802 436,802 441,806 449,807 463,801 481,799 497,801 501,806 508,807 516,800 529,805 532,802 553,801 557,797 569,797 572,801 603,798 612,803 653,798 670,804 738,803 747,798 759,801 770,801 778,797 798,797 838,802 844,798 898,795 906,798 922,795 931,803 949,797 1042,796 1041,745 1038,744 1006,745 989,749 982,747 976,740 966,740 959,745 949,739 930,739 922,745 894,746 884,742 870,742 864,746 816,747 808,741 797,741 787,747 783,743 772,743 766,747 754,745 748,749 735,743 719,749 679,750 672,743 662,743 651,746 649,750 625,751 619,745 607,745 595,751 574,752 537,751 530,745 515,743 461,749 455,741 449,740 432,747 356,742 267,750 217,751 209,744 191,746 186,751 162,751 154,743"/>
        <Word id="region0002_line0007_word0000" custom="readingOrder {index:0;}">
          <Coords points="302,808 302,757 82,759 82,800 146,799 158,803 163,800 207,802 213,798 227,796 245,803 283,807 294,811"/>
          <TextEquiv conf="0.8627855">
            <Unicode>haben;</Unicode>
          </TextEquiv>
        </Word>
        <Word id="region0002_line0007_word0001" custom="readingOrder {index:1;}">
          <Coords points="462,801 462,755 346,756 346,803 351,802 436,802 441,806 449,807"/>
          <TextEquiv conf="0.911563">
            <Unicode>Doch</Unicode>
          </TextEquiv>
        </Word>
        <Word id="region0002_line0007_word0002" custom="readingOrder {index:2;}">
          <Coords points="531,802 531,755 486,755 486,799 497,801 501,806 508,807 516,800 529,805"/>
          <TextEquiv conf="0.9596415">
            <Unicode>iſt</Unicode>
          </TextEquiv>
        </Word>
        <Word id="region0002_line0007_word0003" custom="readingOrder {index:3;}">
          <Coords points="845,797 845,752 557,754 557,797 569,797 572,801 603,798 612,803 653,798 670,804 738,803 747,798 759,801 770,801 778,797 798,797 838,802 844,798"/>
          <TextEquiv>
            <Unicode>gebraͤuchlich/</Unicode>
          </TextEquiv>
        </Word>
        <Word id="region0002_line0007_word0005" custom="readingOrder {index:4;}">
          <Coords points="950,796 950,751 872,751 872,796 898,795 906,798 922,795 931,803 949,797"/>
          <TextEquiv conf="0.96510786">
            <Unicode>daß</Unicode>
          </TextEquiv>
        </Word>
        <Word id="region0002_line0007_word0006" custom="readingOrder {index:5;}">
          <Coords points="968,753 1036,753 1037,796 969,796"/>
          <TextEquiv conf="0.9644333">
            <Unicode>der</Unicode>
          </TextEquiv>
        </Word>
        <TextEquiv>
          <Unicode>haben; Doch iſt gebraͤuchlich/ daß der</Unicode>
        </TextEquiv>
      </TextLine>
      <TextLine id="line_1646049394058_2494" custom="readingOrder {index:3;}">
        <Coords points="78,802 146,800 217,798 887,796 898,796 922,796 1034,797 1042,800 1042,850 993,852 728,859 317,861 306,861 78,854"/>
        <Word id="region0002_line0008_word0000" custom="readingOrder {index:0;}">
          <Coords points="285,809 139,810 139,853 291,852 304,860 318,860 318,809 303,809 294,812"/>
          <TextEquiv>
            <Unicode>Rector,</Unicode>
          </TextEquiv>
        </Word>
        <Word id="region0002_line0008_word0002" custom="readingOrder {index:1;}">
          <Coords points="400,854 458,854 458,813 335,814 335,855 387,855 389,854 399,854"/>
          <TextEquiv conf="0.9602323">
            <Unicode>wenn</Unicode>
          </TextEquiv>
        </Word>
        <Word id="region0002_line0008_word0003" custom="readingOrder {index:2;}">
          <Coords points="516,855 539,855 539,810 481,810 481,852 484,852 490,855 505,852"/>
          <TextEquiv conf="0.9660549">
            <Unicode>die</Unicode>
          </TextEquiv>
        </Word>
        <Word id="region0002_line0008_word0004" custom="readingOrder {index:3;}">
          <Coords points="609,802 561,803 561,858 572,858 585,853 611,852 621,857 628,855 657,857 671,854 690,854 690,803 686,803 670,805 662,802 624,802 612,804"/>
          <TextEquiv conf="0.9516566">
            <Unicode>Reihe</Unicode>
          </TextEquiv>
        </Word>
        <Word id="region0002_line0008_word0005" custom="readingOrder {index:4;}">
          <Coords points="824,849 824,806 713,807 713,856 727,858 728,858 752,850 796,847 810,854"/>
          <TextEquiv conf="0.9241369">
            <Unicode>gleich</Unicode>
          </TextEquiv>
        </Word>
        <Word id="region0002_line0008_word0006" custom="readingOrder {index:5;}">
          <Coords points="955,850 955,806 852,807 852,847 854,847 885,852 910,849 924,852 929,852 934,850"/>
          <TextEquiv conf="0.9684304">
            <Unicode>nicht</Unicode>
          </TextEquiv>
        </Word>
        <Word id="region0002_line0008_word0007" custom="readingOrder {index:6;}">
          <Coords points="980,810 1037,810 1037,848 980,848"/>
          <TextEquiv>
            <Unicode>an</Unicode>
          </TextEquiv>
        </Word>
        <TextEquiv>
          <Unicode>Rector, wenn die Reihe gleich nicht an</Unicode>
        </TextEquiv>
      </TextLine>
      <TextLine id="region0002_line0009" custom="readingOrder {index:4;}">
        <Coords points="141,852 135,857 78,859 78,870 78,910 131,910 137,907 160,907 174,914 180,910 222,912 242,908 263,910 270,907 280,913 322,911 326,914 340,913 353,908 370,908 394,913 407,910 413,913 427,910 460,909 474,913 500,907 519,913 562,912 584,918 609,918 641,912 665,914 674,905 688,909 755,909 759,905 781,903 792,909 817,906 821,903 836,903 847,904 853,910 866,909 873,903 916,902 930,898 962,904 996,899 1004,899 1014,904 1042,901 1042,853 1032,852 928,854 910,850 903,854 872,853 866,848 854,848 842,853 821,852 810,855 796,848 752,851 728,860 674,858 671,855 657,858 621,858 611,853 585,854 572,859 528,859 505,853 495,856 470,853 454,857 409,860 399,855 389,855 378,860 360,861 349,861 342,855 330,856 317,862 306,862 297,859 291,853 246,853 239,859 233,859 178,858 174,853"/>
        <Word id="region0002_line0009_word0000" custom="readingOrder {index:0;}">
          <Coords points="226,911 226,869 139,869 139,907 160,907 174,914 180,910 222,912"/>
          <TextEquiv conf="0.92176247">
            <Unicode>ihm</Unicode>
          </TextEquiv>
        </Word>
        <Word id="region0002_line0009_word0001" custom="readingOrder {index:1;}">
          <Coords points="311,911 311,867 244,868 244,908 263,910 270,907 280,913"/>
          <TextEquiv>
            <Unicode>iſt/</Unicode>
          </TextEquiv>
        </Word>
        <Word id="region0002_line0009_word0003" custom="readingOrder {index:2;}">
          <Coords points="370,908 370,869 327,870 327,913 340,913 353,908"/>
          <TextEquiv conf="0.9273557">
            <Unicode>in</Unicode>
          </TextEquiv>
        </Word>
        <Word id="region0002_line0009_word0004" custom="readingOrder {index:3;}">
          <Coords points="455,909 455,867 386,868 386,911 388,911 399,911 407,910 410,911 419,911 427,910"/>
          <TextEquiv conf="0.9043535">
            <Unicode>der</Unicode>
          </TextEquiv>
        </Word>
        <Word id="region0002_line0009_word0005" custom="readingOrder {index:4;}">
          <Coords points="514,911 566,911 566,865 465,866 465,910 470,911 478,911 500,907"/>
          <TextEquiv conf="0.9043535">
            <Unicode>Neu</Unicode>
          </TextEquiv>
        </Word>
        <Word id="region0002_line0009_word0006" custom="readingOrder {index:5;}">
          <Coords points="725,909 725,862 581,863 581,917 583,917 610,917 641,912 665,914 674,905 688,909"/>
          <TextEquiv conf="0.9245069">
            <Unicode>Jahrs</Unicode>
          </TextEquiv>
        </Word>
        <Word id="region0002_line0009_word0007" custom="readingOrder {index:6;}">
          <Coords points="894,902 894,862 746,864 746,909 755,909 759,905 781,903 792,909 817,906 821,903 836,903 847,904 853,910 866,909 873,903"/>
          <TextEquiv conf="0.9128053">
            <Unicode>Woche</Unicode>
          </TextEquiv>
        </Word>
        <Word id="region0002_line0009_word0008" custom="readingOrder {index:7;}">
          <Coords points="1036,901 1036,864 911,865 911,902 916,902 930,898 962,904 996,899 1004,899 1014,904"/>
          <TextEquiv conf="0.9151508">
            <Unicode>denen</Unicode>
          </TextEquiv>
        </Word>
        <TextEquiv>
          <Unicode>ihm iſt/ in der Neu Jahrs Woche denen</Unicode>
        </TextEquiv>
      </TextLine>
      <TextLine id="line_1646049417571_2511" custom="readingOrder {index:5;}">
        <Coords points="78,911 137,908 930,899 1004,900 1042,904 1042,961 1004,968 946,970 586,973 576,973 410,971 78,963"/>
        <Word id="region0002_line0010_word0000" custom="readingOrder {index:0;}">
          <Coords points="337,962 337,919 139,921 139,961 229,959 234,962"/>
          <TextEquiv conf="0.9170598">
            <Unicode>Precibus</Unicode>
          </TextEquiv>
        </Word>
        <Word id="region0002_line0010_word0001" custom="readingOrder {index:1;}">
          <Coords points="573,916 353,918 353,963 367,966 373,962 384,963 400,959 409,970 410,970 423,964 482,963 503,969 510,969 517,967 568,967 570,969 589,969 591,967 593,966 593,919 584,919"/>
          <TextEquiv>
            <Unicode>beywohnt/</Unicode>
          </TextEquiv>
        </Word>
        <Word id="region0002_line0010_word0003" custom="readingOrder {index:2;}">
          <Coords points="608,919 608,963 694,962 694,915 626,915 609,919"/>
          <TextEquiv conf="0.9284462">
            <Unicode>und</Unicode>
          </TextEquiv>
        </Word>
        <Word id="region0002_line0010_word0004" custom="readingOrder {index:3;}">
          <Coords points="797,961 797,915 718,916 718,964 754,964 757,968 772,968 782,962"/>
          <TextEquiv>
            <Unicode>alſo</Unicode>
          </TextEquiv>
        </Word>
        <Word id="region0002_line0010_word0005" custom="readingOrder {index:4;}">
          <Coords points="823,916 901,915 901,959 823,960"/>
          <TextEquiv conf="0.93180364">
            <Unicode>das</Unicode>
          </TextEquiv>
        </Word>
        <Word id="region0002_line0010_word0006" custom="readingOrder {index:5;}">
          <Coords points="1038,961 1038,910 914,911 915,968 960,967 983,964 990,967 1004,967 1010,961"/>
          <TextEquiv conf="0.90681505">
            <Unicode>Jahr</Unicode>
          </TextEquiv>
        </Word>
        <TextEquiv>
          <Unicode>Precibus beywohnt/ und alſo das Jahr</Unicode>
        </TextEquiv>
      </TextLine>
      <TextLine id="region0002_line0011" custom="readingOrder {index:6;}">
        <Coords points="187,961 180,968 154,968 150,963 135,963 132,967 78,967 78,1001 79,1023 349,1020 365,1021 371,1027 380,1027 391,1021 467,1028 472,1024 503,1024 510,1018 543,1014 549,1009 548,975 528,970 515,969 508,972 477,964 466,968 421,967 410,972 400,960 384,964 373,963 366,968 334,968 237,966 229,960 219,961 206,967 200,961"/>
        <Word id="region0002_line0011_word0000" custom="readingOrder {index:0;}">
          <Coords points="287,1020 287,972 141,973 141,1022 214,1021"/>
          <TextEquiv conf="0.92835915">
            <Unicode>wieder</Unicode>
          </TextEquiv>
        </Word>
        <Word id="region0002_line0011_word0001" custom="readingOrder {index:1;}">
          <Coords points="406,967 312,969 312,1020 349,1020 365,1021 368,1024 385,1024 391,1021 421,1023 500,1023 499,969 489,967 467,967 466,968 446,967 419,967 410,972"/>
          <TextEquiv conf="0.8803427">
            <Unicode>anfaͤngt.</Unicode>
          </TextEquiv>
        </Word>
        <TextEquiv conf="0.90435094">
          <Unicode>wieder anfaͤngt.</Unicode>
        </TextEquiv>
      </TextLine>
      <TextLine id="region0002_line0012" custom="readingOrder {index:7;}">
        <Coords points="563,1008 550,1009 538,1016 510,1019 503,1025 503,1032 495,1038 497,1079 667,1078 670,1074 669,1057 686,1056 691,1051 691,1012 686,1007"/>
        <Word id="region0002_line0012_word0000" custom="readingOrder {index:0;}">
          <Coords points="620,1078 618,1015 559,1015 561,1078"/>
          <TextEquiv>
            <Unicode>II.</Unicode>
          </TextEquiv>
        </Word>
        <TextEquiv>
          <Unicode>II.</Unicode>
        </TextEquiv>
      </TextLine>
      <TextEquiv>
        <Unicode>ſpection bey dem Gebet pflegt eine Wo⸗ ſpection bey dem Gebet pflegt eine Wo⸗
che der Rector, die andre der Cantor zu che der Rector, die andre der Cantor zu che der Rector, die andre der Cantor zu che der Rector, die andre der Cantor zu che der Rector, die andre der Cantor zu
haben; Doch iſt gebraͤuchlich/ / daß der
Rector, wenn die Reihe gleich nicht an Rector, wenn die Reihe gleich nicht an
ihm iſt/ in der Neu Jahrs Woche denen
Precibus beywohnt/ und alſo das Jahr Precibus beywohnt/ und alſo das Jahr
wieder anfaͤngt.
II.</Unicode>
      </TextEquiv>
    </TextRegion>
    <TextRegion orientation="0.542491" type="heading" readingDirection="left-to-right" id="TextRegion_1644843464678_646" custom="readingOrder {index:5;} structure {type:heading;}">
      <Coords points="147,1029 1053,1025 1050,1083 144,1083"/>
      <TextEquiv>
        <Unicode>Montags wird durch den Hym-&#13;
Montags wird durch den Hym-&#13;
num, Komm Heiliger Geiſt, HEr⸗&#13;
num, Komm Heiliger Geiſt, HEr⸗&#13;
re GOtt, (a) dieſer gute Geiſt um ſei⸗&#13;
A nen</Unicode>
      </TextEquiv>
    </TextRegion>
    <TextRegion orientation="0.542491" type="paragraph" readingDirection="left-to-right" id="TextRegion_1676366839461_2701" custom="readingOrder {index:6;} structure {type:paragraph;}">
      <Coords points="144,1083 1050,1083 1046,1213 1046,1288 137,1288 137,1217"/>
      <TextLine id="line_1646049445260_2525" custom="readingOrder {index:0;}">
        <Coords points="142,1080 285,1077 307,1077 915,1087 1043,1097 1043,1146 955,1157 449,1165 168,1149 156,1145 142,1136 138,1133 138,1083"/>
        <Word id="region0003_line0001_word0000" custom="readingOrder {index:0;}">
          <Coords points="374,1088 241,1090 241,1149 291,1149 297,1153 310,1147 329,1147 339,1151 424,1153 433,1155 435,1157 475,1156 478,1153 505,1151 505,1089 503,1087 490,1087 482,1093 476,1093 414,1090 412,1088 390,1088 389,1089 377,1089"/>
          <TextEquiv conf="0.8840488">
            <Unicode>Montags</Unicode>
          </TextEquiv>
        </Word>
        <Word id="region0003_line0001_word0001" custom="readingOrder {index:1;}">
          <Coords points="530,1096 522,1097 522,1146 628,1145 628,1096 597,1096 596,1097 590,1096 564,1096 562,1099 550,1099"/>
          <TextEquiv conf="0.93091047">
            <Unicode>wird</Unicode>
          </TextEquiv>
        </Word>
        <Word id="region0003_line0001_word0002" custom="readingOrder {index:2;}">
          <Coords points="672,1090 660,1091 660,1145 779,1144 779,1094 774,1095 769,1091 729,1096 681,1096"/>
          <TextEquiv conf="0.92425203">
            <Unicode>durch</Unicode>
          </TextEquiv>
        </Word>
        <Word id="region0003_line0001_word0003" custom="readingOrder {index:3;}">
          <Coords points="821,1094 804,1094 804,1140 878,1140 878,1094 868,1094 858,1095 823,1095"/>
          <TextEquiv conf="0.9329237">
            <Unicode>den</Unicode>
          </TextEquiv>
        </Word>
        <Word id="region0003_line0001_word0004" custom="readingOrder {index:4;}">
          <Coords points="919,1090 901,1090 901,1146 968,1146 969,1145 993,1145 1038,1145 1038,1097 920,1091"/>
          <TextEquiv>
            <Unicode>Hym-</Unicode>
          </TextEquiv>
        </Word>
        <TextEquiv>
          <Unicode>Montags wird durch den Hym-</Unicode>
        </TextEquiv>
      </TextLine>
      <TextLine id="line_1646049455889_2534" custom="readingOrder {index:1;}">
        <Coords points="139,1165 310,1148 969,1146 988,1147 1043,1154 1044,1220 929,1230 650,1233 531,1234 508,1234 258,1223 139,1216"/>
        <Word id="region0003_line0002_word0000" custom="readingOrder {index:0;}">
          <Coords points="256,1222 269,1222 271,1166 146,1168 144,1216 226,1218 254,1220"/>
          <TextEquiv conf="0.8951688">
            <Unicode>num,</Unicode>
          </TextEquiv>
        </Word>
        <Word id="region0003_line0002_word0001" custom="readingOrder {index:1;}">
          <Coords points="423,1161 290,1163 290,1222 361,1222 397,1222 478,1222 478,1163 449,1166"/>
          <TextEquiv conf="0.9311199">
            <Unicode>Komm</Unicode>
          </TextEquiv>
        </Word>
        <Word id="region0003_line0002_word0002" custom="readingOrder {index:2;}">
          <Coords points="542,1163 491,1163 491,1225 504,1226 508,1234 531,1234 536,1226 559,1225 616,1224 623,1233 650,1233 660,1224 706,1223 706,1161 697,1161 654,1164 630,1164 630,1162 569,1162 569,1163 551,1163"/>
          <TextEquiv conf="0.9216969">
            <Unicode>Heiliger</Unicode>
          </TextEquiv>
        </Word>
        <Word id="region0003_line0002_word0003" custom="readingOrder {index:3;}">
          <Coords points="879,1222 879,1161 717,1162 717,1222 812,1221 817,1226 829,1226 834,1222 856,1223 860,1226 873,1223"/>
          <TextEquiv conf="0.92082727">
            <Unicode>Geiſt,</Unicode>
          </TextEquiv>
        </Word>
        <Word id="region0003_line0002_word0004" custom="readingOrder {index:4;}">
          <Coords points="1040,1220 1040,1161 894,1162 894,1222 907,1222 913,1228 930,1228 937,1222"/>
          <TextEquiv conf="0.9272538">
            <Unicode>HEr⸗</Unicode>
          </TextEquiv>
        </Word>
        <TextEquiv>
          <Unicode>num, Komm Heiliger Geiſt, HEr⸗</Unicode>
        </TextEquiv>
      </TextLine>
      <TextLine id="region0004_line0001" custom="readingOrder {index:2;}">
        <Coords points="230,1217 174,1224 156,1224 151,1220 137,1222 137,1227 138,1285 150,1288 168,1284 230,1290 231,1299 237,1305 250,1304 256,1292 373,1292 385,1293 390,1298 399,1298 407,1294 435,1296 440,1299 464,1297 468,1300 481,1299 485,1296 563,1295 569,1300 576,1300 587,1294 614,1294 643,1286 652,1294 665,1289 672,1289 676,1293 831,1291 835,1296 848,1297 854,1291 964,1285 987,1290 1008,1282 1046,1280 1046,1231 1034,1230 1026,1223 1017,1223 1008,1229 1002,1222 986,1222 975,1230 936,1232 873,1231 867,1225 844,1224 817,1232 800,1232 793,1228 761,1229 755,1233 669,1238 599,1237 588,1229 574,1232 565,1238 553,1238 547,1233 527,1237 521,1232 508,1232 502,1237 455,1238 449,1233 438,1234 416,1226 353,1219"/>
        <Word id="region0004_line0001_word0000" custom="readingOrder {index:0;}">
          <Coords points="194,1286 194,1238 143,1239 143,1286 150,1288 168,1284"/>
          <TextEquiv conf="0.9153728">
            <Unicode>re</Unicode>
          </TextEquiv>
        </Word>
        <Word id="word_1676366839485_2704" custom="readingOrder {index:1;}">
          <Coords points="223,1231 408,1229 408,1288 223,1288"/>
          <TextEquiv conf="0.84044486">
            <Unicode>GOtt,</Unicode>
          </TextEquiv>
        </Word>
        <Word id="word_1676366839485_2706" custom="readingOrder {index:2;}">
          <Coords points="432,1240 491,1239 491,1288 432,1288"/>
          <TextEquiv conf="0.9475405">
            <Unicode>(a)</Unicode>
          </TextEquiv>
        </Word>
        <Word id="word_1676366839486_2708" custom="readingOrder {index:3;}">
          <Coords points="510,1234 523,1233 527,1237 543,1233 547,1233 553,1238 565,1238 571,1233 593,1233 599,1237 625,1237 625,1288 510,1288"/>
          <TextEquiv conf="0.9698955">
            <Unicode>dieſer</Unicode>
          </TextEquiv>
        </Word>
        <Word id="region0004_line0001_word0004" custom="readingOrder {index:4;}">
          <Coords points="644,1286 738,1286 738,1238 642,1239 642,1286 643,1286"/>
          <TextEquiv conf="0.9667215">
            <Unicode>gute</Unicode>
          </TextEquiv>
        </Word>
        <Word id="region0004_line0001_word0005" custom="readingOrder {index:5;}">
          <Coords points="797,1230 758,1230 755,1233 754,1233 754,1288 866,1287 866,1230 822,1230 817,1232 800,1232"/>
          <TextEquiv conf="0.9646631">
            <Unicode>Geiſt</Unicode>
          </TextEquiv>
        </Word>
        <Word id="region0004_line0001_word0006" custom="readingOrder {index:6;}">
          <Coords points="884,1240 958,1239 958,1279 884,1280"/>
          <TextEquiv conf="0.93225205">
            <Unicode>um</Unicode>
          </TextEquiv>
        </Word>
        <Word id="region0004_line0001_word0007" custom="readingOrder {index:7;}">
          <Coords points="1033,1229 978,1230 978,1284 1003,1283 1008,1282 1042,1280 1042,1230 1034,1230"/>
          <TextEquiv conf="0.93083864">
            <Unicode>ſei⸗</Unicode>
          </TextEquiv>
        </Word>
        <TextEquiv conf="0.93346614">
          <Unicode>re GOtt, (a) dieſer gute Geiſt um ſei⸗</Unicode>
        </TextEquiv>
      </TextLine>
      <TextEquiv>
        <Unicode>Montags wird durch den Hym- Montags wird durch den Hym-&#13;
num, Komm Heiliger Geiſt, HEr⸗ num, Komm Heiliger Geiſt, HEr⸗&#13;
re GOtt, (a) dieſer gute Geiſt um ſei⸗</Unicode>
      </TextEquiv>
    </TextRegion>
    <TextRegion orientation="0.542491" type="signature-mark" readingDirection="left-to-right" id="TextRegion_1676366845504_2717" custom="readingOrder {index:7;} structure {type:signature-mark;}">
      <Coords points="541,1288 804,1288 804,1356 541,1357"/>
      <TextLine id="line_1676366844644_2715" custom="readingOrder {index:0;}">
        <Coords points="560,1299 576,1301 585,1297 618,1296 626,1290 641,1287 652,1295 672,1290 677,1297 695,1300 700,1295 744,1295 748,1298 804,1297 804,1341 750,1342 745,1346 635,1349 563,1349 558,1344 557,1303"/>
        <Word id="region0004_line0002_word0000" custom="readingOrder {index:0;}">
          <Coords points="669,1348 669,1302 628,1302 628,1349 635,1349"/>
          <TextEquiv conf="0.9532219">
            <Unicode>A</Unicode>
          </TextEquiv>
        </Word>
        <TextEquiv conf="0.9540142">
          <Unicode>A</Unicode>
        </TextEquiv>
      </TextLine>
      <TextEquiv>
        <Unicode>A nen</Unicode>
      </TextEquiv>
    </TextRegion>
    <TextRegion orientation="0.542491" type="catch-word" readingDirection="left-to-right" id="TextRegion_1676366844617_2711" custom="readingOrder {index:8;} structure {type:catch-word;}">
      <Coords points="804,1288 1046,1288 1047,1355 804,1356"/>
      <TextLine id="line_1676366844643_2714" custom="readingOrder {index:0;}">
        <Coords points="804,1297 891,1297 915,1291 957,1289 964,1286 987,1291 993,1288 1023,1286 1028,1282 1046,1286 1046,1329 1046,1339 804,1341"/>
        <Word id="region0004_line0002_word0001" custom="readingOrder {index:0;}">
          <Coords points="1042,1339 1042,1302 960,1303 960,1339"/>
          <TextEquiv conf="0.9548065">
            <Unicode>nen</Unicode>
          </TextEquiv>
        </Word>
        <TextEquiv conf="0.9540142">
          <Unicode>nen</Unicode>
        </TextEquiv>
      </TextLine>
      <TextEquiv>
        <Unicode>A nen</Unicode>
      </TextEquiv>
    </TextRegion>
    <TextRegion orientation="0.542491" type="footnote" readingDirection="left-to-right" id="TextRegion_1641807556815_111" custom="readingOrder {index:9;} structure {type:footnote;}">
      <Coords points="191,1363 1050,1360 1055,1791 1055,1908 244,1911 193,1818"/>
      <TextLine id="line_1646049523729_2560" custom="readingOrder {index:0;}">
        <Coords points="191,1364 307,1363 851,1361 918,1362 1050,1372 1050,1411 862,1423 442,1429 227,1427 207,1426 192,1422"/>
        <Word id="word_1641808098451_337" custom="readingOrder {index:0;}">
          <Coords points="196,1365 248,1364 248,1423 244,1423 235,1427 227,1427 221,1423 207,1426 196,1423"/>
          <TextEquiv>
            <Unicode>(a)</Unicode>
          </TextEquiv>
        </Word>
        <Word id="word_1641808098451_336" custom="readingOrder {index:1;}">
          <Coords points="248,1364 310,1364 325,1371 333,1364 347,1364 356,1372 377,1370 377,1421 364,1422 342,1418 323,1424 322,1421 290,1422 278,1420 270,1424 248,1423"/>
          <TextEquiv>
            <Unicode>Dieſer</Unicode>
          </TextEquiv>
        </Word>
        <Word id="region0005_line0001_word0001" custom="readingOrder {index:2;}">
          <Coords points="443,1369 398,1370 398,1419 427,1418 428,1424 451,1424 455,1419 507,1418 514,1415 526,1419 560,1418 560,1373 544,1373 539,1377 531,1377 456,1373"/>
          <TextEquiv conf="0.93219763">
            <Unicode>Hymnus</Unicode>
          </TextEquiv>
        </Word>
        <Word id="region0005_line0001_word0002" custom="readingOrder {index:3;}">
          <Coords points="616,1420 622,1420 622,1372 584,1373 584,1418 586,1418 589,1420 603,1420 609,1417"/>
          <TextEquiv conf="0.9645481">
            <Unicode>iſt</Unicode>
          </TextEquiv>
        </Word>
        <Word id="region0005_line0001_word0003" custom="readingOrder {index:4;}">
          <Coords points="708,1414 708,1379 637,1379 637,1415 706,1415"/>
          <TextEquiv conf="0.9172047">
            <Unicode>von</Unicode>
          </TextEquiv>
        </Word>
        <Word id="region0005_line0001_word0004" custom="readingOrder {index:5;}">
          <Coords points="879,1414 879,1372 745,1373 745,1414 773,1414 824,1416 841,1414 853,1419 870,1419"/>
          <TextEquiv conf="0.8371733">
            <Unicode>Wolfg.</Unicode>
          </TextEquiv>
        </Word>
        <Word id="region0005_line0001_word0005" custom="readingOrder {index:6;}">
          <Coords points="956,1370 898,1371 898,1407 1041,1405 1041,1371"/>
          <TextEquiv conf="0.9087966">
            <Unicode>Ammo-</Unicode>
          </TextEquiv>
        </Word>
        <TextEquiv>
          <Unicode>(a) Dieſer Hymnus iſt von Wolfg. Ammo-</Unicode>
        </TextEquiv>
      </TextLine>
      <TextLine id="region0005_line0002" custom="readingOrder {index:1;}">
        <Coords points="887,1412 862,1424 841,1415 829,1416 821,1421 784,1424 779,1417 773,1415 758,1416 754,1420 747,1415 672,1420 656,1418 621,1424 609,1418 595,1427 586,1419 570,1421 568,1426 546,1426 529,1424 524,1418 514,1416 505,1419 503,1425 461,1424 442,1430 409,1429 407,1421 403,1419 385,1420 378,1425 355,1425 350,1420 342,1419 323,1426 291,1426 287,1422 278,1421 259,1427 193,1428 192,1467 295,1466 305,1467 311,1471 322,1469 333,1474 347,1470 454,1464 499,1464 521,1468 635,1467 641,1470 651,1470 657,1466 701,1463 748,1466 882,1462 887,1469 895,1471 907,1470 911,1463 1050,1462 1050,1419 1013,1420 1012,1415 1007,1412 990,1414 987,1419 975,1419 948,1417 944,1414 905,1418 900,1412"/>
        <Word id="region0005_line0002_word0000" custom="readingOrder {index:0;}">
          <Coords points="250,1428 321,1427 321,1464 250,1465"/>
          <TextEquiv conf="0.9185021">
            <Unicode>nio,</Unicode>
          </TextEquiv>
        </Word>
        <Word id="region0005_line0002_word0001" custom="readingOrder {index:1;}">
          <Coords points="336,1425 380,1425 380,1468 336,1468"/>
          <TextEquiv conf="0.8765061">
            <Unicode>Jo.</Unicode>
          </TextEquiv>
        </Word>
        <Word id="word_1642067021096_1807" custom="readingOrder {index:2;}">
          <Coords points="385,1423 407,1422 409,1429 442,1430 461,1424 503,1425 504,1421 526,1421 529,1424 546,1426 568,1426 569,1421 588,1420 595,1427 604,1420 614,1420 621,1424 641,1420 654,1420 654,1465 513,1466 499,1464 454,1464 385,1467"/>
          <TextEquiv>
            <Unicode>Lauterbachio,</Unicode>
          </TextEquiv>
        </Word>
        <Word id="region0005_line0002_word0003" custom="readingOrder {index:3;}">
          <Coords points="688,1466 688,1421 660,1423 654,1422 654,1468"/>
          <TextEquiv conf="0.92043626">
            <Unicode>P.</Unicode>
          </TextEquiv>
        </Word>
        <Word id="region0005_line0002_word0004" custom="readingOrder {index:4;}">
          <Coords points="783,1423 699,1424 699,1459 816,1457 816,1423 794,1423 784,1424"/>
          <TextEquiv conf="0.92131215">
            <Unicode>Cæſar.</Unicode>
          </TextEquiv>
        </Word>
        <Word id="region0005_line0002_word0005" custom="readingOrder {index:5;}">
          <Coords points="852,1420 826,1420 826,1464 882,1462 886,1467 909,1467 911,1463 1042,1462 1042,1419 1013,1420 1013,1418 987,1419 987,1419 975,1419 970,1419 871,1420 862,1424"/>
          <TextEquiv>
            <Unicode>Caſp.Stiele-</Unicode>
          </TextEquiv>
        </Word>
        <TextEquiv>
          <Unicode>nio, Jo. Lauterbachio, P. Cæſar. Caſp.Stiele-</Unicode>
        </TextEquiv>
      </TextLine>
      <TextLine id="line_1646049554553_2572" custom="readingOrder {index:2;}">
        <Coords points="192,1472 454,1465 832,1463 842,1463 873,1463 882,1463 975,1463 1040,1465 1050,1466 1050,1492 1050,1512 1050,1515 912,1521 531,1525 295,1517 193,1512"/>
        <Word id="word_1644843340006_589" custom="readingOrder {index:0;}">
          <Coords points="249,1473 303,1471 303,1476 297,1507 242,1509"/>
          <TextEquiv conf="0.55232525">
            <Unicode>ro,</Unicode>
          </TextEquiv>
        </Word>
        <Word id="region0005_line0003_word0001" custom="readingOrder {index:1;}">
          <Coords points="400,1510 408,1510 408,1479 304,1480 304,1506 313,1504 331,1509 340,1506 396,1506"/>
          <TextEquiv conf="0.7714294">
            <Unicode>einem</Unicode>
          </TextEquiv>
        </Word>
        <Word id="region0005_line0003_word0002" custom="readingOrder {index:2;}">
          <Coords points="607,1515 607,1474 435,1476 435,1517 469,1515 474,1520 500,1516 520,1524 520,1524 534,1524 542,1520 574,1519 583,1515 602,1514"/>
          <TextEquiv conf="0.96317625">
            <Unicode>Mitglied</Unicode>
          </TextEquiv>
        </Word>
        <Word id="region0005_line0003_word0003" custom="readingOrder {index:3;}">
          <Coords points="622,1480 680,1480 680,1515 622,1515"/>
          <TextEquiv conf="0.930693">
            <Unicode>der</Unicode>
          </TextEquiv>
        </Word>
        <Word id="region0005_line0003_word0004" custom="readingOrder {index:4;}">
          <Coords points="894,1471 701,1474 701,1521 704,1521 729,1521 758,1518 804,1519 830,1513 842,1516 902,1515 909,1519 930,1519 938,1515 953,1515 958,1512 972,1512 980,1516 993,1512 1009,1516 1044,1515 1044,1470 897,1471 896,1472"/>
          <TextEquiv conf="0.92024606">
            <Unicode>Fruchtbringenden</Unicode>
          </TextEquiv>
        </Word>
        <TextEquiv>
          <Unicode>ro, einem Mitglied der Fruchtbringenden</Unicode>
        </TextEquiv>
      </TextLine>
      <TextLine id="region0005_line0004" custom="readingOrder {index:3;}">
        <Coords points="258,1511 193,1513 192,1557 242,1562 262,1560 267,1563 304,1563 312,1567 318,1567 324,1561 339,1559 361,1562 368,1569 385,1562 394,1569 433,1563 452,1570 459,1568 463,1563 493,1563 526,1567 533,1564 562,1564 574,1570 619,1569 628,1573 662,1565 703,1562 764,1565 782,1562 795,1565 868,1564 892,1559 920,1571 957,1560 973,1560 987,1566 995,1563 1011,1566 1050,1562 1050,1519 1010,1518 999,1513 981,1518 972,1513 958,1513 950,1518 934,1518 929,1521 912,1522 903,1517 842,1517 830,1514 804,1520 758,1519 719,1524 691,1522 686,1519 645,1520 602,1515 583,1516 574,1520 542,1521 531,1526 520,1525 500,1517 481,1521 474,1521 469,1516 408,1519 402,1514 346,1514 337,1517 325,1512 295,1518 285,1512"/>
        <Word id="word_1641808221177_407" custom="readingOrder {index:0;}">
          <Coords points="249,1523 474,1521 483,1521 492,1520 492,1563 463,1563 459,1568 456,1569 449,1569 433,1563 394,1569 385,1562 368,1569 361,1562 339,1559 324,1561 318,1567 312,1567 304,1563 267,1563 262,1560 249,1561"/>
          <TextEquiv>
            <Unicode>Geſellſchafft/</Unicode>
          </TextEquiv>
        </Word>
        <Word id="word_1641808185502_373" custom="readingOrder {index:1;}">
          <Coords points="495,1527 531,1526 542,1521 572,1520 572,1566 569,1567 562,1564 533,1564 526,1567 495,1568"/>
          <TextEquiv>
            <Unicode>dem</Unicode>
          </TextEquiv>
        </Word>
        <Word id="word_1641808185502_372" custom="readingOrder {index:2;}">
          <Coords points="572,1520 574,1520 575,1519 634,1518 645,1520 686,1519 691,1522 741,1524 741,1563 703,1562 662,1565 655,1566 572,1566"/>
          <TextEquiv>
            <Unicode>Spaten/</Unicode>
          </TextEquiv>
        </Word>
        <Word id="region0005_line0004_word0004" custom="readingOrder {index:3;}">
          <Coords points="822,1564 822,1515 804,1520 739,1519 739,1564 782,1562 795,1565"/>
          <TextEquiv conf="0.93179137">
            <Unicode>und</Unicode>
          </TextEquiv>
        </Word>
        <Word id="region0005_line0004_word0005" custom="readingOrder {index:4;}">
          <Coords points="904,1518 831,1518 831,1554 906,1554 906,1518"/>
          <TextEquiv conf="0.8782379">
            <Unicode>dem</Unicode>
          </TextEquiv>
        </Word>
        <Word id="region0005_line0004_word0006" custom="readingOrder {index:5;}">
          <Coords points="977,1516 952,1516 950,1518 934,1518 929,1521 915,1521 915,1563 948,1562 957,1560 973,1560 977,1562 1046,1561 1046,1518 1010,1518 1004,1515 988,1515 981,1518"/>
          <TextEquiv conf="0.9226892">
            <Unicode>gelehr⸗</Unicode>
          </TextEquiv>
        </Word>
        <TextEquiv>
          <Unicode>Geſellſchafft/ dem Spaten/ und dem gelehr⸗</Unicode>
        </TextEquiv>
      </TextLine>
      <TextLine id="region0005_line0005" custom="readingOrder {index:4;}">
        <Coords points="254,1561 192,1562 193,1610 257,1611 270,1607 277,1607 283,1611 323,1612 341,1609 355,1614 376,1615 383,1619 395,1616 403,1609 429,1609 471,1617 479,1613 491,1613 497,1617 528,1614 552,1622 579,1612 586,1612 599,1618 622,1617 628,1620 642,1613 665,1617 741,1616 748,1612 773,1611 781,1616 788,1616 798,1612 803,1615 817,1615 896,1610 920,1614 927,1618 938,1617 944,1611 960,1614 1003,1614 1009,1618 1018,1618 1025,1613 1051,1610 1050,1569 1012,1568 995,1564 983,1567 973,1561 957,1561 947,1567 920,1572 902,1567 892,1560 864,1566 797,1567 788,1563 773,1566 730,1565 703,1563 662,1566 628,1574 619,1570 574,1571 562,1565 533,1565 526,1568 493,1564 463,1564 459,1569 452,1571 433,1564 394,1570 385,1563 368,1570 361,1563 339,1560 324,1562 318,1568 304,1564"/>
        <Word id="region0005_line0005_word0000" custom="readingOrder {index:0;}">
          <Coords points="292,1611 307,1611 306,1576 249,1577 249,1610 257,1611 270,1607 277,1607 283,1611"/>
          <TextEquiv conf="0.93059546">
            <Unicode>ten</Unicode>
          </TextEquiv>
        </Word>
        <Word id="region0005_line0005_word0001" custom="readingOrder {index:1;}">
          <Coords points="450,1570 319,1572 319,1611 323,1612 341,1609 355,1614 376,1615 383,1619 395,1616 403,1609 429,1609 471,1617 479,1613 491,1613 497,1617 528,1614 542,1618 561,1618 579,1612 586,1612 599,1618 608,1617 608,1570 574,1571 570,1569 453,1570 452,1571"/>
          <TextEquiv>
            <Unicode>Schul⸗Meiſter</Unicode>
          </TextEquiv>
        </Word>
        <Word id="region0005_line0005_word0002" custom="readingOrder {index:2;}">
          <Coords points="666,1616 666,1579 627,1579 627,1618 632,1618 642,1613 665,1617"/>
          <TextEquiv conf="0.9628817">
            <Unicode>zu</Unicode>
          </TextEquiv>
        </Word>
        <Word id="region0005_line0005_word0003" custom="readingOrder {index:3;}">
          <Coords points="878,1607 878,1562 682,1569 682,1616 741,1616 748,1612 773,1611 780,1615 788,1615 798,1612 803,1615 817,1615"/>
          <TextEquiv>
            <Unicode>Wachau/</Unicode>
          </TextEquiv>
        </Word>
        <Word id="region0005_line0005_word0005" custom="readingOrder {index:4;}">
          <Coords points="899,1565 884,1565 885,1611 896,1610 917,1613 942,1613 944,1611 945,1611 944,1568 920,1572 902,1567"/>
          <TextEquiv conf="0.93303376">
            <Unicode>bey</Unicode>
          </TextEquiv>
        </Word>
        <Word id="region0005_line0005_word0006" custom="readingOrder {index:5;}">
          <Coords points="979,1564 954,1565 955,1612 1041,1611 1046,1610 1046,1568 1012,1568 997,1564 992,1564 983,1567"/>
          <TextEquiv conf="0.91959214">
            <Unicode>Leip⸗</Unicode>
          </TextEquiv>
        </Word>
        <TextEquiv>
          <Unicode>ten Schul⸗Meiſter zu Wachau/ bey Leip⸗</Unicode>
        </TextEquiv>
      </TextLine>
      <TextLine id="line_1646049601513_2593" custom="readingOrder {index:5;}">
        <Coords points="193,1612 270,1608 277,1608 896,1611 944,1612 1045,1615 1051,1616 1051,1655 912,1666 784,1669 193,1663"/>
        <Word id="word_1641808286827_434" custom="readingOrder {index:0;}">
          <Coords points="252,1616 326,1615 326,1660 310,1660 301,1655 291,1660 252,1661"/>
          <TextEquiv>
            <Unicode>zig/</Unicode>
          </TextEquiv>
        </Word>
        <Word id="word_1644843351381_598" custom="readingOrder {index:1;}">
          <Coords points="327,1612 330,1614 351,1615 358,1619 370,1616 377,1609 380,1609 380,1656 371,1656 359,1653 327,1657"/>
          <TextEquiv conf="0.8681388">
            <Unicode>Jo.</Unicode>
          </TextEquiv>
        </Word>
        <Word id="region0005_line0006_word0003" custom="readingOrder {index:2;}">
          <Coords points="454,1616 403,1617 403,1653 554,1652 554,1622 552,1623 536,1620 529,1616 514,1616 497,1618 494,1616 473,1616 471,1618"/>
          <TextEquiv conf="0.9166314">
            <Unicode>Hechtio</Unicode>
          </TextEquiv>
        </Word>
        <Word id="region0005_line0006_word0004" custom="readingOrder {index:3;}">
          <Coords points="587,1614 578,1614 577,1614 577,1654 611,1653 611,1618 599,1619"/>
          <TextEquiv conf="0.92912817">
            <Unicode>in</Unicode>
          </TextEquiv>
        </Word>
        <Word id="region0005_line0006_word0005" custom="readingOrder {index:4;}">
          <Coords points="767,1612 752,1612 748,1613 741,1617 665,1618 642,1614 637,1616 637,1660 646,1660 653,1660 692,1660 696,1659 700,1660 735,1659 743,1659 752,1659 817,1659 823,1657 823,1615 817,1616 803,1616 798,1613 788,1617"/>
          <TextEquiv>
            <Unicode>lateiniſche</Unicode>
          </TextEquiv>
        </Word>
        <Word id="region0005_line0006_word0006" custom="readingOrder {index:5;}">
          <Coords points="902,1612 867,1613 852,1614 852,1657 1023,1655 1026,1654 1045,1655 1045,1615 1018,1619 981,1618 944,1612 944,1612 938,1618 927,1619"/>
          <TextEquiv conf="0.9054261">
            <Unicode>Rhythmos</Unicode>
          </TextEquiv>
        </Word>
        <TextEquiv>
          <Unicode>zig/ Jo. Hechtio in lateiniſche Rhythmos</Unicode>
        </TextEquiv>
      </TextLine>
      <TextLine id="line_1646049622344_2605" custom="readingOrder {index:6;}">
        <Coords points="193,1664 301,1656 374,1655 1037,1654 1051,1656 1051,1704 712,1715 704,1715 193,1712"/>
        <Word id="region0005_line0007_word0000" custom="readingOrder {index:0;}">
          <Coords points="336,1661 289,1662 289,1663 248,1663 249,1708 302,1707 305,1707 330,1707 384,1706 388,1704 403,1703 407,1706 411,1706 410,1661 340,1661 339,1662"/>
          <TextEquiv conf="0.90895295">
            <Unicode>gebracht</Unicode>
          </TextEquiv>
        </Word>
        <Word id="region0005_line0007_word0001" custom="readingOrder {index:1;}">
          <Coords points="534,1663 421,1664 422,1704 578,1703 577,1665"/>
          <TextEquiv>
            <Unicode>worden.</Unicode>
          </TextEquiv>
        </Word>
        <Word id="region0005_line0007_word0002" custom="readingOrder {index:2;}">
          <Coords points="594,1676 626,1675 627,1698 595,1699"/>
          <TextEquiv conf="0.8959568">
            <Unicode>v.</Unicode>
          </TextEquiv>
        </Word>
        <Word id="region0005_line0007_word0003" custom="readingOrder {index:3;}">
          <Coords points="636,1662 637,1703 718,1702 717,1665 711,1666 703,1660 692,1661 686,1665 646,1661"/>
          <TextEquiv conf="0.91838247">
            <Unicode>Dni,</Unicode>
          </TextEquiv>
        </Word>
        <Word id="region0005_line0007_word0004" custom="readingOrder {index:4;}">
          <Coords points="751,1662 729,1662 730,1697 865,1696 864,1663 864,1663 838,1665 836,1661 814,1661 806,1667 784,1670"/>
          <TextEquiv conf="0.8387694">
            <Unicode>Hauſen</Unicode>
          </TextEquiv>
        </Word>
        <Word id="region0005_line0007_word0005" custom="readingOrder {index:5;}">
          <Coords points="901,1661 877,1662 878,1697 953,1696 952,1661 946,1661 918,1667 905,1665"/>
          <TextEquiv conf="0.9599575">
            <Unicode>Piet.</Unicode>
          </TextEquiv>
        </Word>
        <Word id="region0005_line0007_word0006" custom="readingOrder {index:6;}">
          <Coords points="994,1658 963,1659 964,1695 1047,1694 1046,1658 1017,1658 1015,1659"/>
          <TextEquiv conf="0.9020182">
            <Unicode>Mel.</Unicode>
          </TextEquiv>
        </Word>
        <TextEquiv>
          <Unicode>gebracht worden. v. Dni, Hauſen Piet. Mel.</Unicode>
        </TextEquiv>
      </TextLine>
      <TextLine id="line_1646049644032_2616" custom="readingOrder {index:7;}">
        <Coords points="193,1713 403,1704 964,1705 1043,1706 1051,1707 1051,1753 1028,1758 960,1761 479,1764 193,1760"/>
        <Word id="region0005_line0008_word0000" custom="readingOrder {index:0;}">
          <Coords points="284,1755 284,1722 250,1722 250,1758 264,1758"/>
          <TextEquiv>
            <Unicode>p.</Unicode>
          </TextEquiv>
        </Word>
        <Word id="region0005_line0008_word0001" custom="readingOrder {index:1;}">
          <Coords points="362,1752 362,1724 294,1724 294,1754 307,1754 313,1751"/>
          <TextEquiv conf="0.61425555">
            <Unicode>302.</Unicode>
          </TextEquiv>
        </Word>
        <Word id="word_1642067079078_1825" custom="readingOrder {index:2;}">
          <Coords points="380,1712 465,1710 465,1759 442,1760 427,1760 404,1750 387,1754 380,1753"/>
          <TextEquiv conf="0.7196251">
            <Unicode>ſeqq.</Unicode>
          </TextEquiv>
        </Word>
        <Word id="region0005_line0008_word0003" custom="readingOrder {index:3;}">
          <Coords points="551,1758 551,1714 533,1712 525,1708 513,1710 464,1703 464,1759 492,1763 498,1757 510,1758 516,1755 528,1760 543,1755 549,1759"/>
          <TextEquiv>
            <Unicode>Jch</Unicode>
          </TextEquiv>
        </Word>
        <Word id="region0005_line0008_word0004" custom="readingOrder {index:4;}">
          <Coords points="739,1713 717,1713 717,1716 582,1718 558,1715 558,1754 805,1752 805,1713 792,1714 774,1714 773,1713 751,1713 750,1715 741,1715"/>
          <TextEquiv conf="0.88468814">
            <Unicode>communicire</Unicode>
          </TextEquiv>
        </Word>
        <Word id="region0005_line0008_word0005" custom="readingOrder {index:5;}">
          <Coords points="820,1711 866,1711 866,1751 820,1751"/>
          <TextEquiv conf="0.9667952">
            <Unicode>im</Unicode>
          </TextEquiv>
        </Word>
        <Word id="region0005_line0008_word0006" custom="readingOrder {index:6;}">
          <Coords points="967,1708 889,1710 889,1756 933,1755 935,1755 936,1755 1037,1754 1045,1751 1046,1751 1046,1708 993,1708 969,1710"/>
          <TextEquiv conf="0.96756953">
            <Unicode>Anhang</Unicode>
          </TextEquiv>
        </Word>
        <TextEquiv>
          <Unicode>p. 302. ſeqq. Jch communicire im Anhang</Unicode>
        </TextEquiv>
      </TextLine>
      <TextLine id="region0005_line0009" custom="readingOrder {index:8;}">
        <Coords points="313,1752 302,1758 284,1756 258,1760 193,1761 194,1799 216,1802 385,1806 397,1806 408,1812 418,1812 430,1806 464,1806 576,1812 586,1813 588,1816 596,1816 607,1816 609,1813 648,1816 657,1812 687,1811 706,1816 710,1816 720,1811 732,1810 960,1805 1051,1798 1051,1793 1051,1754 1046,1752 1028,1759 1018,1756 979,1757 960,1762 935,1756 920,1760 853,1758 837,1761 774,1762 752,1758 674,1764 640,1764 636,1761 627,1761 621,1764 619,1760 611,1757 600,1758 592,1761 590,1765 558,1765 543,1756 537,1756 530,1761 520,1756 510,1759 498,1758 492,1764 479,1765 440,1761 431,1763 410,1758 404,1751 393,1752 380,1758 330,1757 325,1752"/>
        <Word id="region0005_line0009_word0000" custom="readingOrder {index:0;}">
          <Coords points="257,1763 366,1762 367,1801 258,1802"/>
          <TextEquiv conf="0.96354157">
            <Unicode>meine</Unicode>
          </TextEquiv>
        </Word>
        <Word id="region0005_line0009_word0001" custom="readingOrder {index:1;}">
          <Coords points="412,1758 376,1759 376,1805 385,1806 397,1806 398,1806 428,1806 430,1806 464,1806 467,1806 488,1806 487,1764 479,1765 440,1761 431,1763"/>
          <TextEquiv conf="0.9316897">
            <Unicode>eigene</Unicode>
          </TextEquiv>
        </Word>
        <Word id="word_1641808404732_472" custom="readingOrder {index:2;}">
          <Coords points="498,1759 525,1759 530,1761 533,1759 547,1758 558,1765 590,1765 592,1761 600,1758 613,1758 619,1760 621,1764 627,1761 636,1761 640,1764 674,1764 748,1758 748,1807 532,1810 499,1808"/>
          <TextEquiv>
            <Unicode>Uberſetzung/</Unicode>
          </TextEquiv>
        </Word>
        <Word id="region0005_line0009_word0004" custom="readingOrder {index:3;}">
          <Coords points="763,1760 764,1807 865,1806 864,1758 853,1758 837,1761 774,1762"/>
          <TextEquiv conf="0.3459465">
            <Unicode>damit</Unicode>
          </TextEquiv>
        </Word>
        <Word id="region0005_line0009_word0005" custom="readingOrder {index:4;}">
          <Coords points="909,1759 889,1760 890,1796 955,1795 954,1760 947,1759 921,1759 920,1760"/>
          <TextEquiv conf="0.9690865">
            <Unicode>wir</Unicode>
          </TextEquiv>
        </Word>
        <Word id="region0005_line0009_word0006" custom="readingOrder {index:5;}">
          <Coords points="1022,1757 975,1757 973,1758 974,1794 1047,1793 1046,1757 1032,1757 1028,1759"/>
          <TextEquiv conf="0.959114">
            <Unicode>uns</Unicode>
          </TextEquiv>
        </Word>
        <TextEquiv>
          <Unicode>meine eigene Uberſetzung/ damit wir uns</Unicode>
        </TextEquiv>
      </TextLine>
      <TextLine id="region0006_line0001" custom="readingOrder {index:9;}">
        <Coords points="250,1795 244,1798 245,1842 250,1839 259,1839 264,1843 288,1841 300,1849 320,1855 332,1851 386,1852 392,1855 467,1859 474,1865 485,1865 490,1860 498,1860 504,1869 515,1869 521,1862 530,1862 535,1866 548,1863 563,1866 576,1864 580,1867 634,1867 645,1863 659,1865 698,1860 795,1862 802,1868 811,1868 820,1862 828,1861 899,1858 907,1855 943,1853 977,1854 981,1851 1005,1850 1020,1853 1024,1850 1055,1849 1054,1799 1049,1798 959,1805 929,1802 924,1806 910,1807 902,1799 893,1799 883,1807 868,1807 862,1801 852,1801 843,1809 820,1809 813,1801 790,1806 753,1799 721,1808 689,1809 684,1805 674,1805 669,1809 641,1811 635,1806 627,1807 621,1813 589,1813 580,1812 574,1806 550,1805 545,1810 540,1810 501,1807 490,1799 475,1802 470,1799 457,1801 451,1794 440,1794 429,1804 390,1805 382,1803 375,1796 345,1801 335,1796 322,1796 316,1802 298,1802 269,1798 267,1795"/>
        <Word id="region0006_line0001_word0000" custom="readingOrder {index:0;}">
          <Coords points="383,1803 254,1805 254,1839 259,1839 264,1843 288,1841 300,1849 320,1855 332,1851 386,1852 390,1854 425,1854 424,1804 390,1805"/>
          <TextEquiv conf="0.7469613">
            <Unicode>derſelben</Unicode>
          </TextEquiv>
        </Word>
        <Word id="region0006_line0001_word0001" custom="readingOrder {index:1;}">
          <Coords points="475,1802 437,1802 438,1857 616,1856 615,1813 589,1813 580,1812 574,1806 550,1805 545,1810 540,1810 501,1807 494,1802 476,1802 475,1802"/>
          <TextEquiv conf="0.7499924">
            <Unicode>bißweilen</Unicode>
          </TextEquiv>
        </Word>
        <Word id="region0006_line0001_word0002" custom="readingOrder {index:2;}">
          <Coords points="638,1808 627,1809 628,1852 661,1851 660,1809 641,1811"/>
          <TextEquiv conf="0.93300307">
            <Unicode>in</Unicode>
          </TextEquiv>
        </Word>
        <Word id="region0006_line0001_word0003" custom="readingOrder {index:3;}">
          <Coords points="677,1809 678,1862 736,1861 735,1803 711,1810 679,1811"/>
          <TextEquiv conf="0.89538103">
            <Unicode>der</Unicode>
          </TextEquiv>
        </Word>
        <Word id="region0006_line0001_word0004" custom="readingOrder {index:4;}">
          <Coords points="736,1802 737,1861 878,1858 877,1807 868,1807 862,1801 852,1801 843,1809 820,1809 813,1801 790,1806"/>
          <TextEquiv conf="0.89538103">
            <Unicode>Schule</Unicode>
          </TextEquiv>
        </Word>
        <Word id="region0006_line0001_word0005" custom="readingOrder {index:5;}">
          <Coords points="905,1802 889,1803 890,1845 1051,1844 1050,1802 993,1802 959,1805 936,1802 928,1802 924,1806 910,1807"/>
          <TextEquiv conf="0.8373988">
            <Unicode>bedienen</Unicode>
          </TextEquiv>
        </Word>
        <TextEquiv conf="0.8430196">
          <Unicode>derſelben bißweilen in der Schule bedienen</Unicode>
        </TextEquiv>
      </TextLine>
      <TextLine id="region0006_line0002" custom="readingOrder {index:10;}">
        <Coords points="250,1840 245,1843 245,1900 254,1903 266,1900 306,1904 319,1901 332,1904 345,1902 382,1905 384,1910 404,1910 406,1903 464,1902 469,1897 468,1869 431,1857 392,1856 386,1853 339,1852 320,1856 300,1850 288,1842 264,1844 259,1840"/>
        <Word id="region0006_line0002_word0000" custom="readingOrder {index:0;}">
          <Coords points="296,1847 250,1848 250,1901 254,1903 266,1900 306,1904 319,1901 332,1904 345,1902 382,1905 383,1909 398,1909 398,1856 392,1856 386,1853 339,1852 320,1856 300,1850"/>
          <TextEquiv conf="0.8768585">
            <Unicode>koͤnnen.</Unicode>
          </TextEquiv>
        </Word>
        <TextEquiv conf="0.8768585">
          <Unicode>koͤnnen.</Unicode>
        </TextEquiv>
      </TextLine>
      <TextEquiv>
        <Unicode>(a) Dieſer Hymnus iſt von Wolfg. Ammo- (a) Dieſer Hymnus iſt von Wolfg. Ammo- (a) Dieſer Hymnus iſt von Wolfg. Ammo- (a) Dieſer Hymnus iſt von Wolfg. Ammo-
nio, Jo. Lauterbachio, P. Cæſar. Caſp.Stiele-
ro, einem Mitglied der Fruchtbringenden ro, einem Mitglied der Fruchtbringenden
Geſellſchafft/ dem Spaten/ / und dem gelehr⸗
ten Schul⸗Meiſter zu Wachau/ / bey Leip⸗
zig/ Jo. Hechtio in lateiniſche Rhythmos zig/ Jo. Hechtio in lateiniſche Rhythmos zig/ Jo. Hechtio in lateiniſche Rhythmos zig/ Jo. Hechtio in lateiniſche Rhythmos
gebracht worden. v. Dni, Hauſen Piet. Mel. gebracht worden. v. Dni, Hauſen Piet. Mel.
p. 302. ſeqq. Jch communicire im Anhang p. 302. ſeqq. Jch communicire im Anhang p. 302. ſeqq. Jch communicire im Anhang
meine eigene Uberſetzung/ / damit wir uns
derſelben bißweilen in der Schule bedienen
koͤnnen.</Unicode>
      </TextEquiv>
    </TextRegion>
  </Page>
</PcGts>