1876 2694
626 440 709 486 406

997 441 1123 488 Erſtes
1150 437 1273 488 Buch.

736 530 801 572 Ad
821 530 1021 573 ſummam,
1046 527 1187 581 ſapiens
1204 543 1283 569 uno
1305 532 1432 571 minor
1451 530 1502 570 eſt
1523 533 1629 581 love,

1121 596 1248 642 dives,

735 667 873 715 Liber,
904 669 1133 713 honoratus,
1164 667 1343 720 pulcher,
1370 681 1438 708 rex
1469 667 1630 721 denique

1136 762 1291 801 regum;

634 864 719 892 nem
745 851 937 901 Freunde,
973 855 1038 893 der
1067 854 1105 901 ſo
1145 861 1238 902 ganz
1266 865 1315 893 an
1345 856 1470 896 deinen
1501 853 1632 906 Augen

636 898 773 950 haͤngt,
797 903 874 943 und
894 913 1064 942 warmen
1089 903 1246 948 Antheil.
1307 903 1416 946 Denn
1447 914 1554 943 wenn
1578 905 1633 941 ein

633 956 769 1007 Nagel
789 945 860 998 nur
881 968 945 996 am
966 954 1103 1008 Finger
1126 958 1199 997 mir
1223 957 1322 1003 nicht
1344 958 1443 1004 recht
1462 959 1633 1010 geſchnit⸗

634 997 692 1048 ten
713 1008 774 1059 iſt,
794 1010 835 1063 ſo
859 1010 959 1063 ſteigt
978 1014 1035 1052 dir
1057 1011 1168 1060 ſchon
1192 1007 1250 1062 die
1274 1010 1397 1053 Galle.
1455 1014 1633 1059 Uebrigens

632 1068 777 1117 mißfaͤllt
800 1069 964 1118 Bentley
987 1071 1036 1107 die
1061 1070 1167 1109 Lesart
1190 1067 1409 1117 reſpicientis;
1441 1073 1509 1108 weil
1530 1069 1631 1121 reſpi-

633 1132 705 1158 cere
732 1133 791 1162 nur
815 1116 874 1161 von
893 1121 1009 1172 Hohen
1023 1122 1189 1170 gebraucht
1205 1127 1325 1170 werde,
1349 1124 1397 1162 die
1418 1125 1471 1170 ſich
1486 1136 1522 1171 zu
1545 1126 1629 1164 Nie⸗

632 1168 708 1210 dern
738 1172 961 1223 herablaſſen,
985 1178 1049 1212 und
1069 1186 1102 1211 er
1132 1175 1291 1221 empfiehlt
1325 1179 1373 1215 die
1394 1174 1629 1222 Verbeſſerung

632 1219 690 1276 deß
702 1216 876 1275 Heinſius
893 1226 1115 1276 ſuſpicientis,
1137 1226 1266 1269 welches
1281 1235 1342 1267 von
1360 1228 1461 1266 einem
1483 1218 1631 1269 Niedern

632 1269 742 1325 geſagt
765 1280 863 1325 wird,
885 1270 938 1316 der
960 1290 1001 1317 an
1033 1278 1145 1324 ſeinem
1173 1279 1273 1329 hohen
1302 1277 1447 1325 Freunde
1471 1284 1533 1320 voll
1548 1282 1632 1322 Be⸗

631 1328 831 1380 wunderung
863 1334 1066 1383 hinaufblickt
1095 1339 1160 1373 und
1189 1335 1249 1382 auf
1269 1337 1357 1382 jeden
1389 1336 1484 1382 ſeiner
1511 1338 1633 1377 Winke

633 1393 745 1436 achtet.
810 1392 872 1433 So
896 1393 1015 1440 zierlich
1037 1393 1113 1437 auch
1145 1392 1223 1439 dieſe
1249 1393 1485 1441 Verbeſſerung
1509 1393 1568 1439 iſt,
1603 1393 1633 1439 ſo

632 1437 749 1487 ſcheint
767 1435 806 1491 ſie
825 1442 897 1486 doch
921 1443 999 1491 ohne
1021 1441 1262 1494 Handſchriften
1290 1451 1336 1488 zu
1358 1434 1491 1489 gewagt.
1545 1442 1634 1490 Auch

633 1492 716 1532 kann
746 1489 945 1543 reſpicientis
965 1496 1016 1529 als
1051 1492 1235 1538 Synonym
1259 1497 1314 1531 des
1343 1491 1385 1530 de
1409 1504 1439 1532 te
1462 1490 1634 1542 pendentis

633 1553 692 1593 gut
715 1539 813 1598 Statt
829 1541 945 1595 haben,
979 1557 1071 1587 wenn
1091 1558 1157 1586 man
1182 1556 1217 1588 es
1239 1549 1331 1594 durch
1345 1544 1635 1601 Ruͤckſichtneh⸗

633 1589 717 1635 men
746 1596 874 1639 erklaͤrt.
942 1602 1023 1636 106.
1050 1599 1169 1645 Dieſer
1193 1600 1325 1646 Schluß
1346 1603 1400 1637 des
1423 1608 1545 1645 ganzen
1567 1599 1635 1639 Ge⸗

631 1653 732 1697 dichts
757 1652 847 1700 fließt
870 1650 936 1700 ſehr
957 1651 1111 1691 natuͤrlich
1133 1659 1195 1690 aus
1222 1655 1293 1689 dem
1317 1653 1433 1704 vorher
1454 1651 1634 1700 Geſagten,

631 1708 696 1744 und
722 1712 759 1744 es
790 1718 856 1746 war
879 1710 948 1745 dem
976 1707 1109 1749 Dichter
1133 1706 1234 1757 gewiß
1263 1705 1378 1755 Ernſt,
1408 1717 1499 1747 wenn
1528 1720 1560 1745 er
1583 1708 1633 1745 be⸗

629 1762 796 1811 hauptete,
834 1765 897 1813 daß
928 1776 990 1804 nur
1023 1770 1075 1806 der
1100 1763 1209 1811 Weiſe
1233 1765 1377 1813 gluͤcklich
1400 1765 1461 1814 ſey.
1528 1765 1640 1805 Allein

630 1813 726 1867 theils
742 1830 799 1868 zur
821 1816 1042 1867 Beluſtigung
1065 1819 1233 1865 Maͤcens,
1265 1820 1361 1868 theils
1385 1832 1441 1860 um
1463 1822 1512 1860 die
1534 1821 1634 1862 Stoi⸗

629 1872 681 1910 ker
706 1882 745 1918 zu
776 1871 904 1917 necken,
932 1875 1042 1912 kleidet
1071 1886 1103 1911 er
1131 1872 1230 1918 dieſen
1260 1872 1344 1922 Satz
1369 1874 1402 1912 in
1424 1874 1475 1912 ein
1493 1872 1635 1922 ſtoiſches

632 1926 786 1964 Gewand
808 1926 867 1962 ein.
930 1924 1005 1966 Der
1030 1926 1290 1974 Praͤceptorton,
1322 1925 1422 1973 deſſen
1448 1939 1481 1965 er
1506 1928 1561 1974 ſich
1585 1927 1636 1965 be⸗

631 1980 737 2022 dient,
764 1981 824 2014 das
848 1975 1121 2023 Zuverſichtliche,
1148 1975 1361 2025 Schielende,
1396 1973 1637 2018 Uebertriebene

629 2038 683 2078 der
706 2033 935 2080 Behauptung
958 2035 1065 2080 ſelbſt,
1100 2035 1148 2072 die
1178 2034 1413 2082 uͤberraſchende
1434 2034 1632 2079 Wendung:

627 2082 803 2128 praecipue
830 2076 990 2115 ſanus—
1018 2080 1154 2119 moleſta
1181 2081 1246 2124 eſt,
1266 2084 1345 2120 alles
1371 2081 1478 2128 ſpricht
1495 2092 1558 2121 von
1580 2085 1634 2118 der

625 2137 754 2188 Abſicht
775 2142 832 2176 des
853 2135 1007 2176 Dichters
1021 2141 1070 2178 die
1087 2137 1225 2177 Stoiker
1240 2147 1278 2184 zu
1291 2130 1461 2187 perſifliren
1478 2142 1544 2176 und
1560 2141 1634 2175 dar⸗

624 2188 723 2226 neben
764 2191 853 2229 einen
887 2189 990 2227 Wink
1023 2201 1060 2237 zu
1099 2187 1217 2239 geben,
1255 2190 1320 2237 daß
1343 2200 1396 2237 er,
1444 2189 1502 2240 bey
1539 2192 1634 2229 allem

623 2243 880 2291 Enthuſiasmus
923 2243 973 2289 fuͤr
1004 2249 1053 2284 die
1083 2245 1288 2295 Philoſophie
1310 2249 1367 2283 des
1395 2244 1531 2291 Lebens,
1563 2245 1635 2283 weit

623 2303 686 2330 von
719 2300 770 2333 der
777 2292 948 2344 ſtoiſchen
982 2285 1184 2348 Pedanterey
1210 2300 1276 2334 und
1306 2295 1467 2344 Narrheit
1499 2295 1636 2341 entfernt

623 2346 684 2393 ſey.
739 2348 789 2387 Er
805 2340 909 2396 durfte
935 2359 990 2386 um
1018 2346 1047 2395 ſo
1075 2348 1211 2395 weniger
1236 2347 1433 2398 befuͤrchten,
1463 2351 1556 2396 durch
1577 2350 1640 2387 die⸗

1588 2408 1639 2456 ſen
