1672 2582
256 426 358 491 Von
358 426 430 491 den
430 426 615 491 beſondern
615 426 872 491 militairiſchen
872 426 1107 491 Verbrechen.

1123 448 1224 492 1071

260 544 339 582 einer
360 546 592 593 willkuͤhrlichen
612 550 749 593 Strafe,
780 552 887 594 welche
907 552 960 593 ihn
976 552 1074 595 jedoch
1089 564 1125 598 zu
1143 554 1220 597 ſcha⸗

258 597 332 638 den,
363 601 457 643 auſſer
469 602 579 638 Stand
599 602 672 644 ſetzt,
698 602 821 645 beleget,
849 612 932 645 wozu
953 606 997 639 die
1013 599 1222 654 Feſtungshaft

256 650 309 687 bis
329 662 398 696 zum
417 653 502 691 Ende
519 657 572 690 des
589 655 717 698 Krieges
735 657 783 691 die
798 656 984 702 zwecklichſte
999 659 1050 703 iſt.

692 760 724 794 §.
749 759 833 794 868.

354 817 424 852 Aus
444 818 508 851 dem
525 816 700 860 vorherigen
716 819 796 862 folgt
810 820 966 862 demnach,
994 822 1054 866 daß
1072 825 1129 859 das
1139 825 1218 861 Ver⸗

256 862 374 905 brechen
397 867 447 899 der
457 863 646 908 Spionerie,
671 866 723 900 als
739 866 1033 912 Hauptrequiſiten,
1059 878 1127 912 zum
1150 878 1218 905 vor⸗

253 918 316 948 aus
334 914 418 955 ſetze,
453 917 513 958 daß
529 915 584 958 ſich
610 914 644 957 1)
662 916 780 957 jemand
800 919 935 962 heimlich
954 924 1016 956 und
1035 922 1168 964 verſteckt
1182 926 1217 959 in

254 963 302 998 die
327 962 489 1006 Trouppen
518 972 554 1005 zu
579 966 714 1006 Gunſten
746 972 799 1002 des
832 969 959 1011 Feindes
994 970 1218 1014 eingeſchlichen

250 1006 341 1053 habe.
414 1013 455 1056 2)
478 1015 564 1059 Muß
585 1026 616 1051 er
639 1018 694 1051 den
715 1016 847 1058 Stand,
887 1017 1003 1063 Lagen,
1048 1021 1216 1062 Vorhaben

253 1064 324 1098 oder
333 1061 613 1107 Veranſtaltungen
635 1067 686 1099 der
703 1065 865 1109 Trouppen
884 1067 967 1109 ſchon
993 1069 1123 1113 wirklich
1139 1076 1216 1106 aus⸗

251 1112 510 1158 gekundſchaftet,
548 1118 609 1152 und
626 1118 671 1153 die
687 1117 824 1161 Abſicht,
859 1128 911 1154 um
933 1123 997 1154 dem
1014 1121 1121 1163 Feinde
1137 1124 1216 1168 dieſe

251 1162 415 1207 Nachricht
430 1171 466 1205 zu
484 1163 701 1209 uͤberbringen,
735 1167 844 1209 gehabt
861 1169 968 1210 haben.
1033 1171 1131 1208 Wenn
1150 1182 1213 1207 nun

251 1213 299 1248 ein
319 1215 472 1258 ertappter
490 1214 620 1259 Spion,
648 1218 737 1261 dieſer
753 1217 911 1262 Umſtaͤnde
932 1221 996 1256 klar
1013 1229 1107 1266 genug
1127 1219 1214 1257 uͤber⸗

251 1266 357 1312 wieſen
374 1267 515 1308 worden,
538 1265 617 1312 (und
637 1270 732 1314 dieſes
750 1270 905 1316 geſchiehet
920 1273 1034 1317 ſowohl
1051 1275 1139 1318 durch
1149 1275 1214 1312 Ge⸗

248 1314 387 1361 ſtaͤndniß
410 1318 479 1354 oder
492 1317 627 1362 Zeugen,
653 1322 705 1356 als
727 1321 876 1365 dadurch,
905 1323 963 1368 daß
983 1333 1054 1359 man
1076 1323 1213 1370 verdaͤch⸗

247 1369 310 1413 tige
330 1370 440 1414 Briefe
454 1373 516 1407 und
532 1370 656 1414 Sachen
682 1374 738 1417 bey
763 1375 826 1414 ihm
840 1375 960 1418 findet,
1012 1379 1086 1417 ohne
1106 1379 1165 1420 daß
1182 1388 1215 1413 er

248 1416 331 1453 einen
353 1418 486 1459 Grund,
511 1420 630 1462 welcher
648 1422 699 1461 ihn
717 1422 849 1462 desfalls
862 1424 1077 1468 entſchuldigen
1095 1426 1212 1467 koͤnnte,

249 1466 422 1509 anzugeben
448 1466 563 1511 weiß:)
579 1464 616 1517 ſo
655 1472 691 1512 iſt
717 1481 750 1506 er
765 1470 819 1514 fuͤr
842 1473 903 1514 reif
926 1481 962 1514 zu
987 1475 1112 1519 achten,
1159 1483 1212 1509 um

248 1515 308 1548 mit
323 1509 373 1549 der
392 1515 528 1557 Strafe,
557 1517 662 1558 welche
678 1520 754 1559 nach
775 1521 830 1553 den
847 1519 1100 1564 Kriegsgeſetzen,
1151 1524 1214 1558 Or⸗

248 1565 318 1598 dres
335 1566 396 1598 und
414 1562 608 1607 Gebraͤuchen
628 1566 688 1608 auf
703 1568 808 1609 ſeinem
816 1568 999 1610 Verbrechen
1019 1572 1134 1614 haftet,
1162 1572 1212 1606 be⸗

246 1611 309 1655 legt
326 1619 363 1652 zu
384 1615 513 1649 werden.
572 1617 622 1657 Jn
640 1615 759 1658 Abſicht
785 1619 876 1661 dieſer
891 1618 1078 1662 Beſtrafung
1103 1622 1211 1657 wollen

246 1663 359 1704 einige,
411 1663 470 1708 daß
495 1662 568 1706 auch
594 1665 640 1699 ein
657 1665 764 1710 Spion
786 1665 1026 1712 ſchlechterdings
1053 1671 1126 1710 nach
1153 1673 1209 1707 den

245 1711 471 1757 Grundſaͤtzen,
498 1711 545 1748 die
562 1722 621 1750 von
638 1716 704 1749 dem
719 1714 924 1760 Hochverrath
941 1718 1057 1761 gelten,
1084 1721 1211 1764 beſtraft

245 1768 361 1796 werden
375 1763 465 1805 muͤſſe
482 1759 533 1805 a).
583 1763 698 1800 Andere
714 1763 833 1806 machen
852 1764 932 1800 einen
940 1767 1124 1811 Unterſchied
1144 1772 1207 1805 und

244 1818 354 1853 ſagen,
382 1816 441 1852 daß
463 1822 522 1848 nur
542 1810 597 1853 der
616 1814 746 1860 Spion,
781 1815 902 1857 welcher
915 1817 995 1857 nicht
1010 1819 1139 1861 zugleich
1158 1822 1206 1856 ein

242 1867 410 1902 Unterthan
429 1865 497 1905 ſey,
524 1869 609 1898 wenn
626 1872 698 1899 man
716 1865 806 1909 ſeiner
822 1867 879 1907 auf
891 1866 1010 1911 friſcher
1031 1870 1113 1909 That
1132 1871 1206 1910 hab⸗

242 1918 317 1956 habt
341 1916 462 1956 wuͤrde,
498 1916 557 1952 mit
579 1919 643 1953 dem
665 1917 806 1959 Strange
832 1926 867 1959 zu
896 1918 1042 1963 beſtrafen
1069 1922 1131 1964 ſeye
1150 1921 1207 1963 b).

242 1968 342 2001 Allein
371 1966 417 1999 die
438 1963 709 2010 Kriegsgebraͤuche
733 1968 855 2011 bringen
881 1972 915 2004 es
939 1970 996 2004 mit
1015 1971 1091 2014 ſich,
1142 1975 1206 2009 und

240 2020 288 2054 die
310 2016 487 2061 Erfahrung
505 2015 659 2061 beſtaͤtiget
676 2019 808 2063 ſolches,
848 2022 908 2064 daß
925 2030 1018 2063 man,
1047 2025 1096 2058 der
1110 2025 1207 2070 Regel

239 2070 338 2104 nach,
366 2068 426 2098 aus
450 2066 515 2100 dem
533 2066 680 2105 Grunde,
706 2075 759 2101 um
774 2065 828 2110 fuͤr
837 2068 916 2109 alle,
943 2069 1058 2112 welche,
1078 2079 1130 2105 um
1150 2074 1206 2110 des

240 2121 354 2149 darmit
371 2116 566 2161 verknuͤpften
586 2115 696 2153 baaren
715 2117 885 2160 Gewinſtes
902 2118 1013 2161 willen,
1040 2120 1113 2163 nach
1137 2124 1205 2160 dem

239 2167 557 2216 Spionenhandwerke
574 2167 702 2215 geluͤſten
709 2168 854 2215 moͤchten,
878 2177 981 2215 wegen
991 2173 1042 2210 der
1053 2173 1205 2220 hierdurch
