1648 2402
333 232 521 284 allerhand
538 242 646 284 rarer
664 233 864 288 Muͤntzen.

979 241 1055 284 141

178 321 235 371 26.
256 320 590 365 MAXImilianus
604 314 908 364 SECVNDVS.

172 379 240 427 27.
265 375 371 424 Noch
380 378 467 419 einer
476 371 718 426 dergleichen
718 369 816 422 mit:
829 381 925 419 1574.

164 435 245 474 28.
259 425 365 477 Einer
377 420 465 473 vom
474 422 610 476 Kaͤyſer
628 425 837 476 Rudolpho
851 424 893 461 II.
904 423 949 469 de
966 432 1063 462 anno

124 483 246 527 1588.

127 521 246 573 29.
270 523 491 565 Nummulus
506 523 707 567 Misnenſis,
726 528 803 561 von
813 521 872 562 der
883 518 1060 567 Gattung/

115 575 192 630 wie
207 568 261 636 ſie
269 581 367 627 beym
377 566 602 630 Schlegelio
615 575 658 617 in
681 570 796 621 tract.
814 569 864 614 de
877 569 1062 614 nummis

123 627 276 692 antiqu.
299 628 488 684 Gothan.
502 629 606 683 Tab.
632 635 700 692 IV.
725 625 799 690 No.
814 642 873 688 41.
897 632 939 674 &
957 624 1063 686 ſeqq.

123 677 315 742 abgebildet
331 699 369 737 zu
386 683 553 739 befinden.

151 740 244 800 30.
258 743 364 793 Noch
385 745 473 798 einer
490 740 706 794 dergleichen.

181 810 228 846 31.
250 800 356 837 Dito.

134 841 248 883 32.
261 834 338 880 Ein
356 822 607 885 Saͤchſiſcher/
633 834 702 872 von
726 832 783 872 der
801 829 984 878 Gattung/
998 826 1063 869 wie

127 895 240 937 citato
256 899 344 935 loco
363 896 437 933 No.
451 900 509 943 56.
528 895 617 933 einer
636 890 825 945 befindlich.

183 952 236 993 33.
259 938 327 989 Ein
345 933 694 993 Chur⸗Saͤchſiſcher/
710 938 755 978 de
769 950 864 979 anno
875 940 970 985 1541.

158 1003 243 1043 34.
257 990 361 1040 Noch
378 990 467 1035 einer
486 987 704 1039 dergleichen/
723 989 771 1029 de
788 998 882 1029 anno
903 995 992 1033 1537.

177 1058 242 1095 35.
265 1048 335 1088 Ein
357 1035 726 1098 Erffurthiſcher.

178 1093 233 1133 36.
255 1085 359 1133 Noch
373 1088 476 1125 einer/
492 1087 539 1121 de
555 1086 652 1121 anno
667 1091 774 1145 1552.

188 1159 246 1193 37.
269 1148 375 1189 Dito,
390 1147 437 1183 de
450 1148 547 1190 anno
563 1145 659 1191 1609.

185 1206 242 1242 38.
258 1196 325 1241 Ein
344 1193 655 1238 Oettingiſcher/
672 1191 717 1231 de
731 1201 831 1233 anno
858 1195 971 1237 1528.

177 1256 240 1299 39.
255 1243 396 1300 MAT.
420 1244 481 1295 R.
481 1242 686 1294 HVNG.
706 1231 805 1295 (R.)
831 1236 947 1288 Maria
958 1235 1068 1285 cum

131 1302 268 1359 Jeſulo,
291 1299 348 1344 am
362 1296 494 1347 Rande
494 1295 659 1346 Patrona
672 1290 840 1346 Hung.

171 1345 257 1404 40.
270 1346 381 1393 Einer
400 1346 626 1403 derglelchen/
646 1346 700 1384 de
717 1353 819 1398 anno
834 1343 931 1384 1616.

144 1407 239 1458 41.
251 1397 379 1455 Noch
392 1396 489 1450 einer
496 1400 713 1452 dergleichen.

144 1444 274 1488 42.
284 1444 380 1495 Einer
401 1439 470 1494 mit
470 1443 555 1492 dem
568 1417 841 1488 Poſt⸗Horne/
860 1438 878 1487 &
903 1430 1015 1472 littera
1025 1430 1071 1467 C.

198 1493 269 1549 43.
272 1494 365 1557 Noch
394 1502 484 1543 einer
500 1499 699 1548 dergleichen
717 1498 788 1541 mit
802 1501 879 1548 dem
895 1492 1070 1545 Buchſta⸗

139 1550 205 1593 ben
223 1553 276 1593 H.

187 1610 253 1646 44.
271 1598 341 1644 Ein
355 1591 688 1660 Hamburgiſcher/
705 1592 770 1646 auf
783 1592 836 1640 die
850 1592 928 1645 Art/
945 1590 1009 1636 wie
1019 1589 1072 1636 die

145 1652 322 1692 Bracteati
330 1645 504 1703 gepraͤget.

147 1692 249 1737 45.
276 1694 375 1745 Noch
382 1693 476 1745 einer
476 1672 753 1739 dergleichen.

191 1760 261 1801 46.
273 1754 377 1802 Noch
393 1751 514 1798 einer.

188 1814 270 1855 47.
279 1808 366 1855 Ein
383 1808 682 1849 Straßburger.

943 1838 1079 1903 48.Ein
