1505 2327
359 410 469 454 Goͤtter
489 417 547 450 und
568 413 697 457 Geiſter,
726 414 773 449 als
790 406 895 454 welche
916 417 999 447 unter
1023 415 1075 448 den
1099 412 1216 449 Namen
1237 415 1288 448 der

358 459 496 502 Maͤnner
512 460 649 503 begriffen
662 464 774 498 werden
789 457 921 503 koͤnnen:
936 460 982 495 als
1000 459 1120 501 Cupido,
1142 465 1210 504 Lar,
1233 465 1289 491 Le-

358 513 471 539 mures,
494 508 608 533 Manes.

359 555 390 584 N
408 550 432 594 1)
442 551 539 585 Wenn
551 551 593 583 die
602 549 719 585 Namen
729 553 777 585 der
785 545 881 593 Fluͤſſe
892 550 922 583 in
922 550 968 585 A,
979 546 1007 590 ſo
1018 548 1093 590 ihrer
1102 547 1228 587 Endung
1238 553 1293 581 we⸗

459 604 511 636 gen
533 596 678 638 eigentlich
689 598 827 629 feminina
848 594 926 636 ſind,
952 596 992 628 im
1008 595 1164 626 maſculino
1183 591 1291 637 ſtehen:

456 639 528 669 wird
539 628 593 670 das
602 638 691 672 Wort
697 634 811 675 fluuius
828 636 966 669 darunter
980 633 1161 675 verſtanden;
1182 640 1228 668 als
1241 638 1291 668 hic

458 683 590 728 Moſella,
601 680 648 718 hic
662 683 782 730 Viſtula,
793 679 840 716 hic
847 681 926 719 Sala,
938 682 1055 721 nemlich
1059 680 1190 721 fluuius.

402 724 434 770 2)
446 726 511 764 Die
521 727 640 762 Namen
649 730 698 760 der
720 725 825 760 Monate
839 724 902 765 ſind
918 723 1064 764 eigentlich
1077 725 1218 755 adieƈtiua
1229 726 1291 758 und

455 775 546 817 ſtehen
562 777 601 808 im
617 776 789 811 maſculino,
811 773 875 807 weil
889 772 923 812 ſie
938 773 986 814 ſich
1002 776 1056 807 mit
1071 774 1147 815 ihrer
1162 771 1291 814 Endung

457 819 528 858 nach
546 820 609 853 dem
633 817 848 860 ausgelaſſenen
869 817 960 852 Wort
973 813 1073 860 menſis
1094 817 1215 858 richten:
1243 816 1293 852 als

456 859 588 889 Martius
604 858 721 896 nemlich
735 854 847 900 menſis.

413 907 450 935 2.
479 907 559 948 Die
574 907 739 950 Namen
775 906 846 950 der
875 904 1064 952 Weiber,
1106 898 1293 953 Baͤume',

360 947 539 1011 Staͤdte,
561 942 860 1011 Landſchaften
885 941 960 1013 und
980 941 1110 1013 Jnſeln
1127 951 1225 1011 ſind
1232 962 1292 1011 fe-

350 988 523 1034 minina:
539 997 589 1037 als
601 996 706 1033 mulier
720 998 776 1034 das
785 1007 891 1042 Weib,
912 1011 1008 1031 mater
1015 1006 1058 1034 die
1068 1004 1202 1047 Mutter,
1213 1014 1295 1049 vir-

355 1056 386 1105 go
405 1048 456 1100 die
447 1043 637 1100 Jungfrau,
657 1054 747 1084 lotrix
758 1058 801 1089 die
809 1049 987 1097 Waͤſcherin,
1008 1055 1129 1089 quercus
1142 1055 1186 1086 die
1195 1050 1296 1096 Eiche,

360 1095 474 1134 Pallas,
491 1101 586 1130 Ceres,
603 1091 794 1131 Lacedæmon,
811 1092 980 1131 Corinthus,
994 1090 1151 1140 Aegyptus,
1165 1096 1293 1132 Pharus,

361 1143 484 1181 Cyprus,
496 1138 658 1181 Glycerium
672 1136 741 1179 nach
754 1149 782 1179 p.
791 1148 840 1175 213.
848 1139 874 1179 §.
882 1142 917 1169 V.

417 1187 453 1219 3.
471 1178 551 1214 Die
571 1175 847 1216 indeclinabilia,
872 1171 1093 1222 ſonderlich
1112 1171 1176 1212 die
1191 1181 1293 1215 Na⸗

363 1245 452 1275 men
468 1234 539 1276 der
554 1228 813 1284 Buchſtaben
837 1233 921 1273 und
939 1232 1001 1271 die
1019 1231 1189 1280 inſinitiui
1203 1235 1292 1286 ſind

356 1293 490 1339 generis
507 1292 670 1325 neutrius.
725 1291 823 1334 Siehe
837 1301 863 1331 p.
873 1300 912 1323 28.
928 1292 946 1333 §.
964 1292 1002 1322 IV.
1017 1300 1041 1330 p.
1056 1300 1100 1327 132.
1114 1282 1136 1331 §.
1147 1294 1193 1334 III.

361 1345 431 1375 Not.
448 1340 493 1376 Es
508 1340 565 1383 ſind
581 1338 650 1380 auch
668 1338 791 1383 gewiſſer
804 1333 918 1375 Staͤdte
933 1329 1052 1374 Namen
1072 1337 1149 1379 ihrer
1164 1335 1295 1380 Endung

460 1383 530 1426 nach
539 1385 649 1425 generis
658 1383 825 1425 maſculini,
847 1380 894 1418 als
908 1374 1023 1425 Narbo,
1040 1384 1151 1424 Hippo:
1172 1385 1231 1419 und
1249 1388 1295 1419 die

458 1431 572 1473 pluralis
581 1432 691 1462 numeri
707 1430 764 1474 ſind
780 1431 810 1465 in
825 1431 849 1467 i,
859 1428 906 1465 als
916 1429 1026 1468 Pariſii,
1037 1430 1170 1472 Philippi.
1213 1429 1296 1467 Des⸗

459 1476 582 1520 gleichen
590 1477 647 1518 ſind
658 1477 718 1519 die,
731 1477 759 1520 ſo
774 1475 824 1520 ſich
839 1475 894 1517 auf
912 1481 971 1509 VM
985 1475 1043 1512 und
1069 1471 1105 1522 VR
1122 1476 1223 1516 enden,
1246 1484 1296 1508 ge-

458 1517 536 1570 neris
556 1521 700 1551 neutrius:
727 1520 774 1555 als
799 1514 984 1556 Tridentum,
1002 1513 1105 1557 Tibur,
1123 1526 1178 1551 cet.
1221 1511 1296 1564 Alſo

461 1564 532 1602 auch
549 1564 592 1598 die
608 1565 726 1602 pluralia
741 1566 770 1599 in
779 1565 821 1595 A:
830 1561 877 1598 als
884 1560 1005 1597 Baƈtra.

405 1614 434 1654 §.
457 1616 531 1643 VIII.
555 1610 622 1648 Der
643 1612 864 1643 NVMERVS
884 1608 916 1650 iſt
940 1606 1106 1649 zweyerley:
1119 1601 1296 1651 ſingularis,

361 1656 414 1689 der
428 1662 484 1689 von
498 1656 589 1689 einem
603 1654 699 1694 redet,
721 1653 770 1688 als
782 1650 879 1694 menſa
895 1655 944 1688 der
959 1651 1041 1695 Tiſch
1058 1654 1127 1687 oder
1140 1652 1185 1684 ein
1192 1650 1297 1698 Tiſch;

360 1697 502 1737 pluralis,
523 1700 572 1733 der
585 1703 642 1731 von
662 1696 795 1738 mehrern
815 1696 883 1729 oder
903 1694 994 1732 vielen
1013 1697 1109 1737 redet,
1123 1691 1177 1727 als
1191 1694 1294 1740 menſæ

365 1751 409 1777 die
418 1748 528 1777 Tiſche.

408 1782 432 1821 8.
444 1784 493 1813 IX.
517 1782 629 1814 CASVS
644 1779 701 1821 ſind
715 1777 817 1821 ſechs:
827 1777 1040 1811 nominatiuus,
1054 1773 1215 1820 genitiuus,
1237 1777 1295 1809 da-

363 1826 459 1861 tiuus,
482 1823 678 1868 accuſatiuus,
701 1823 866 1860 vocatiuus,
888 1820 1057 1861 ablatiuus;
1079 1821 1179 1865 welche
1193 1827 1223 1858 in
1239 1826 1294 1859 den

364 1870 520 1912 Teutſchen
543 1872 669 1903 articulis
690 1871 758 1905 oder
773 1861 968 1908 Vorwoͤrtern
987 1863 1067 1909 wohl
1085 1865 1295 1912 unterſchieden

362 1916 477 1954 werden
492 1911 617 1960 muͤſſen,
640 1916 694 1953 wie
707 1912 809 1958 ſolget.
