2660 2760
728 349 835 391 Wer
857 359 905 388 an
921 348 993 387 den
1011 346 1137 395 Sohn
1157 340 1336 395 glaͤubet,
1362 345 1431 383 der
1455 342 1528 391 hat

728 401 805 438 das
820 399 945 448 ewige
961 397 1113 443 Leben,
1129 396 1214 445 Joh.
1232 399 1335 442 3,36.
1362 396 1482 440 darum
1491 394 1528 443 iſt

731 461 776 490 an
795 449 861 497 ihm
877 450 964 489 keine
981 446 1236 495 Verdammniß
1252 447 1330 486 oder
1345 445 1440 494 Zorn,
1452 443 1522 489 ſon⸗

732 502 813 541 dern
835 500 886 540 ein
914 497 1173 547 Wohlgefallen
1195 487 1348 542 GOttes
1368 499 1427 536 des
1444 496 1529 539 Va⸗

733 556 818 592 ters.
862 553 935 594 Und
948 550 1030 590 eben
1047 548 1219 598 daſſelbige
1235 547 1319 597 habe
1333 549 1379 595 ich
1390 548 1470 594 auch
1482 547 1532 587 al⸗

733 601 768 649 ſo
785 601 817 641 in
835 602 960 642 andern
974 599 1105 639 meinen
1121 598 1285 644 Buͤchern
1302 592 1466 645 oͤffentlich
1476 605 1527 642 ge⸗

735 652 859 701 lehret,
884 653 954 690 und
972 650 1058 698 lehre
1076 654 1113 689 es
1128 647 1195 696 jetzt
1210 646 1292 694 auch
1309 648 1390 696 noch
1408 647 1471 687 mit
1490 646 1532 686 le⸗

735 702 892 751 bendiger
908 700 1090 744 Stimme.
1137 699 1284 742 Darum
1298 698 1369 739 will
1391 698 1439 746 ich
1462 701 1533 738 ent⸗

733 756 912 790 ſchuldiget
934 754 1021 790 ſeyn.

791 809 839 846 v.
871 810 938 844 10.
968 812 1020 848 11.
1062 796 1313 853 Abimelech
1349 791 1537 854 ſprach:

733 859 940 911 Warum
968 855 1067 915 haſt
1093 857 1159 904 du
1183 857 1297 903 denn
1320 864 1416 900 uns
1440 853 1534 899 das

734 915 923 970 gethan:
953 914 1028 962 Es
1054 911 1183 963 waͤre
1208 911 1356 966 leichte
1374 906 1538 968 geſche⸗

732 968 842 1032 hen,
869 973 964 1033 daß
980 972 1157 1031 jemand
1175 985 1289 1021 vom
1298 972 1441 1020 Volck
1449 971 1534 1026 ſich

735 1043 791 1087 zu
824 1031 992 1080 deinem
1016 1029 1174 1079 Weibe
1200 1028 1364 1087 geleget
1388 1023 1533 1078 haͤtte,

733 1089 831 1135 und
849 1083 1011 1144 haͤtteſt
1031 1085 1126 1143 alſo
1145 1087 1232 1132 eine
1242 1076 1440 1137 Schuld
1450 1079 1540 1139 auf

733 1158 829 1192 uns
845 1143 1068 1204 gebracht.
1124 1138 1183 1194 Da
1214 1142 1349 1199 gebot
1371 1136 1534 1190 Abime⸗

738 1206 829 1255 lech
847 1201 979 1251 allem
1005 1200 1201 1255 Volcke,
1230 1201 1326 1246 und
1354 1196 1533 1252 ſprach:

736 1261 852 1311 Wer
861 1258 1000 1315 dieſen
1019 1257 1177 1305 Mann
1197 1257 1306 1302 oder
1312 1253 1448 1305 Weib
1458 1265 1534 1301 an⸗

737 1315 885 1373 taſtet,
904 1316 981 1361 der
997 1317 1076 1365 ſoll
1086 1317 1168 1362 des
1177 1314 1339 1362 Todes
1356 1311 1533 1364 ſterben.

739 1380 824 1422 164.

840 1375 912 1447 D

912 1375 952 1426 er
961 1372 1074 1421 Koͤnig
1086 1370 1174 1419 laͤſſet
1189 1375 1247 1419 ſich
1259 1367 1473 1417 vernehmen,
1478 1364 1534 1410 als

941 1419 989 1458 ſey
1013 1430 1046 1458 er
1072 1418 1123 1458 ein
1144 1417 1355 1467 ſonderlicher
1374 1416 1534 1465 frommer

738 1474 860 1516 Mann,
908 1473 964 1513 der
979 1472 1031 1511 die
1047 1468 1291 1519 Gerechtigkeit
1312 1472 1381 1510 und
1396 1467 1535 1513 Gottſe⸗

741 1525 852 1573 ligkeit
868 1524 929 1565 lieb
947 1524 1042 1573 habe.
1091 1523 1236 1565 Darum
1252 1520 1340 1566 ſaget
1350 1519 1484 1568 Petrus
1498 1514 1540 1561 im

737 1574 858 1622 Buche
875 1583 941 1613 von
960 1576 1015 1615 der
1031 1572 1164 1617 Apoſtel
1182 1571 1301 1619 Geſch.
1312 1581 1369 1611 am
1382 1582 1436 1608 10.
1447 1569 1537 1615 Cap.

739 1629 773 1661 v.
794 1631 853 1668 34.
871 1633 938 1669 35:
978 1623 1143 1667 GOTT
1162 1620 1281 1672 ſiehet
1304 1624 1365 1661 die
1392 1620 1538 1665 Perſon

741 1672 849 1720 nicht
874 1683 941 1718 an,
972 1671 1133 1723 ſondern
1149 1674 1190 1710 in
1213 1671 1365 1717 allerley
1383 1671 1538 1718 Volcke,

740 1734 824 1762 wer
840 1723 909 1774 ihn
927 1722 1097 1773 fuͤrchtet
1113 1721 1191 1761 und
1208 1720 1315 1766 recht
1335 1718 1446 1768 thut,
1469 1719 1538 1758 der

740 1773 790 1825 iſt
807 1774 888 1822 ihm
907 1761 1133 1821 angenehm.
1184 1770 1318 1817 Denn,
1321 1760 1446 1814 wiewol
1462 1769 1537 1810 die⸗

741 1828 787 1877 ſer
802 1824 914 1875 Koͤnig
930 1826 1129 1874 Abrahams
1147 1825 1261 1872 Sohn
1277 1824 1365 1869 nicht
1381 1821 1441 1868 iſt,
1451 1824 1484 1868 ſo
1501 1822 1554 1867 iſt

744 1883 778 1913 er
796 1872 938 1920 dennoch
959 1870 1078 1919 heilig,
1106 1872 1175 1911 und
1200 1869 1303 1919 hoffet
1323 1870 1389 1918 auf
1403 1868 1453 1908 die
1466 1858 1555 1913 Ge⸗

742 1927 924 1976 rechtigkeit
946 1927 1124 1973 GOttes;
1166 1926 1229 1965 wie
1250 1922 1434 1965 Cornelius
1457 1922 1555 1969 auch

743 1978 867 2026 gethan
889 1978 960 2024 hat.
1010 1977 1156 2019 Darum
1171 1976 1208 2024 iſt
1221 1974 1328 2025 Jſaac
1349 1984 1385 2023 zu
1405 1972 1474 2020 ihm
1488 1981 1556 2018 ge⸗

744 2015 931 2067 kommen,
952 2021 1114 2072 gleichwie
1142 2032 1178 2070 zu
1202 2021 1275 2060 dem
1299 2019 1436 2068 vorigen
1459 2019 1557 2063 Abi⸗

744 2078 863 2124 melech
880 2076 1055 2122 Abraham
1074 2075 1263 2123 gekommen
1282 2072 1342 2122 iſt,
1363 2075 1433 2114 und
1433 2068 1469 2116 er
1503 2072 1557 2120 iſt

745 2139 825 2171 vom
839 2129 945 2180 Jſaac
960 2128 995 2167 in
1009 2128 1128 2173 rechter
1143 2126 1377 2174 Gottſeligkeit
1392 2126 1461 2167 und
1473 2126 1557 2168 Er⸗

749 2179 905 2229 kenntniß
943 2179 1094 2224 GOttes
1132 2176 1344 2223 unterrichtet
1382 2175 1559 2221 worden;

749 2234 836 2273 denn
856 2234 913 2271 der
927 2230 1013 2272 wird
1031 2230 1115 2276 ohne
1131 2228 1265 2276 Zweifel
1281 2229 1414 2274 daſelbſt
1429 2228 1559 2271 GOt⸗

748 2287 801 2322 tes
817 2282 933 2327 Wort
949 2278 1136 2329 geprediget
1151 2278 1271 2325 haben.
1320 2274 1379 2318 Es
1379 2274 1472 2325 laͤſſet
1481 2277 1541 2325 ſich

751 2330 830 2369 aber
846 2325 1004 2377 anſehen,
1025 2329 1090 2378 daß
1107 2329 1162 2369 der
1178 2329 1297 2371 Name
1321 2325 1540 2369 Abimelech

749 2382 802 2421 ein
817 2375 1008 2429 koͤniglicher
1016 2380 1136 2423 Name
1151 2375 1294 2426 geweſen
1305 2372 1400 2423 ſey,
1386 2366 1435 2420 und
1455 2375 1541 2423 nicht

750 2431 852 2482 ſeiner
866 2431 1013 2483 Perſon;
1029 2430 1194 2480 gleichwie
1218 2431 1274 2473 der
1294 2430 1415 2474 Name
1436 2420 1562 2476 Pha⸗

1569 356 1636 384 rao
1653 346 1736 389 auch
1752 354 1804 383 ein
1828 338 1995 391 gemeiner
2020 343 2139 385 Name
2160 343 2303 390 geweſen
2326 343 2364 388 iſt

1568 398 1648 433 aller
1664 391 1798 440 Koͤnige
1812 392 1846 434 in
1860 392 2033 433 Egypten.

1624 451 1710 493 165.
1738 445 1854 490 Siehe
1868 445 1971 493 aber,
1995 444 2057 485 wie
2072 443 2187 493 hefftig
2203 443 2292 495 feind
2308 445 2365 487 der

1567 489 1683 542 Koͤnig
1698 496 1772 534 dem
1788 491 1962 542 Ehebruch
1978 491 2026 539 iſt.
2075 492 2152 533 Und
2168 491 2204 539 iſt
2213 490 2364 538 derohal⸗

1569 548 1632 586 ben
1655 547 1711 589 dis
1732 547 1786 587 ein
1798 544 1978 592 trefflicher
2000 545 2107 593 Text,
2135 545 2179 583 da
2196 554 2230 584 er
2250 541 2365 590 ſaget:

1568 596 1742 637 Warum
1758 589 1846 645 haſt
1853 595 1907 634 du
1916 593 2015 633 denn
2024 601 2100 631 uns
2111 590 2184 629 das
2191 589 2365 640 gethan:

1571 649 1638 691 Als
1655 647 1755 690 wolte
1767 656 1801 687 er
1817 645 1937 694 ſagen:
1964 644 2118 692 Wolteſt
2135 647 2179 684 du
2195 644 2277 691 mich
2294 645 2365 684 und

1572 699 1637 739 das
1650 700 1760 746 gantze
1779 692 1979 744 Koͤnigreich
2002 695 2069 743 alſo
2091 693 2272 742 betruͤgen,
2297 692 2365 742 daß

1573 749 1635 788 wir
1649 747 1827 795 unwiſſend
1842 747 1905 788 mit
1922 745 2039 793 ſolcher
2055 744 2211 793 ſchweren
2228 743 2365 787 Suͤnde

1572 800 1686 845 GOtt
1698 797 1852 846 erzuͤrnen
1868 797 1994 846 ſolten?
2019 796 2152 843 Denn
2172 790 2258 848 nicht
2272 790 2366 843 allein

1574 850 1630 890 bin
1645 848 1704 897 ich,
1712 846 1853 892 ſondern
1866 847 1948 895 auch
1957 845 2045 887 mein
2052 851 2145 895 gantz
2152 841 2366 892 Koͤnigreich,

1574 898 1608 939 in
1624 899 1681 940 der
1696 896 1833 946 Gefahr
1845 894 2040 944 geſtanden,
2059 902 2113 934 wo
2137 894 2273 941 jemand
2295 901 2364 935 von

1575 953 1676 992 denen
1693 949 1923 996 Unterthanen
1938 949 1997 996 ſich
2010 958 2046 995 zu
2063 940 2101 997 ihr
2114 945 2246 995 geleget
2260 943 2365 994 haͤtte.

1574 1001 1653 1045 Dis
1670 1001 1755 1041 wird
1770 1010 1803 1040 er
1815 998 1948 1045 warlich
1962 997 2026 1037 mit
2044 996 2184 1044 groſſem
2197 995 2290 1046 Zorn
2309 1004 2367 1041 ge⸗

1573 1048 1664 1098 ſaget
1683 1049 1810 1093 haben;
1834 1049 1904 1089 und
1920 1048 1967 1094 ich
1982 1048 2089 1097 halte,
2103 1047 2167 1095 daß
2182 1057 2214 1088 er
2222 1056 2289 1087 von
2303 1046 2367 1095 ſol⸗

1576 1102 1664 1148 chem
1679 1098 1901 1146 Beyſchlafen
1915 1100 2010 1144 rede,
2025 1099 2091 1138 das
2105 1097 2222 1146 ehrlich
2231 1095 2280 1144 iſt,
2294 1098 2366 1137 und

1576 1160 1645 1192 von
1662 1151 1719 1192 der
1733 1147 1989 1197 Beywohnung
2005 1147 2167 1190 Mannes
2184 1148 2252 1188 und
2260 1147 2366 1190 Wei⸗

1575 1197 1655 1247 bes,
1678 1198 1749 1240 und
1777 1197 1865 1241 nicht
1885 1205 1952 1236 von
1974 1193 2196 1245 unziemlicher
2218 1194 2365 1239 Vermi⸗

1574 1249 1725 1300 ſchung,
1765 1249 1867 1300 dafuͤr
1884 1250 1945 1299 ſich
1965 1248 2073 1300 Jſaac
2097 1245 2292 1299 fuͤrnemlich
2311 1257 2368 1295 ge⸗

1573 1298 1715 1346 fuͤrchtet
1730 1299 1803 1342 hat.
1853 1299 1924 1348 Jch
1939 1297 2028 1346 halte
2044 1297 2153 1346 aber,
2179 1297 2246 1345 daß
2266 1297 2369 1346 dieſes

1575 1351 1635 1390 des
1650 1345 1788 1398 Koͤnigs
1802 1345 1988 1396 Meynung
2003 1344 2147 1393 geweſen
2163 1343 2233 1393 ſey,
2255 1345 2319 1393 daß
2334 1354 2368 1386 er

1576 1402 1643 1448 alſo
1657 1401 1742 1448 habe
1756 1399 1854 1446 ſagen
1871 1400 2019 1440 wollen:
2054 1399 2109 1442 Es
2129 1396 2222 1448 haͤtte
2251 1396 2368 1445 irgend

1574 1450 1661 1491 einer
1681 1449 1756 1490 dein
1776 1449 1890 1494 Weib
1909 1447 2040 1496 hinweg
2070 1447 2210 1495 nehmen
2231 1442 2371 1495 moͤgen,

1577 1502 1632 1541 als
1646 1499 1689 1541 ob
1706 1499 1747 1542 ſie
1766 1498 1836 1548 frey
1850 1493 1962 1546 waͤre,
1987 1499 2057 1537 und
2073 1493 2165 1545 haͤtte
2185 1497 2227 1545 ſie
2247 1495 2369 1545 moͤgen

1578 1549 1784 1599 heimfuͤhren
1801 1550 1870 1591 und
1885 1549 1946 1598 ſich
1959 1557 1997 1597 zu
2013 1548 2063 1592 ihr
2076 1548 2188 1595 legen,
2202 1545 2368 1595 gleichwie

1577 1604 1638 1650 ſich
1652 1602 1705 1644 ein
1719 1600 1900 1650 Ehemann
1914 1610 1952 1649 zu
1966 1598 2083 1649 ſeinem
2098 1599 2229 1643 Weibe
2248 1599 2370 1646 pfleget

1578 1661 1614 1697 zu
1631 1651 1763 1700 halten;
1788 1651 1822 1699 ſo
1836 1647 1926 1694 waͤre
1940 1651 2020 1699 doch
2035 1648 2168 1699 daſelbſt
2183 1648 2253 1689 eine
2268 1648 2370 1697 heim⸗

1578 1702 1656 1751 liche
1671 1699 1806 1745 Suͤnde
1827 1701 1887 1742 des
1910 1698 2149 1750 Ehebruches:
2174 1699 2244 1739 und
2265 1698 2309 1738 ob
2336 1708 2371 1739 er

1578 1754 1646 1794 wol
1660 1752 1775 1801 ehrlich
1792 1751 1850 1802 bey
1864 1752 1915 1801 ihr
1930 1752 2102 1801 wohnete,
2125 1749 2187 1790 wie
2209 1748 2260 1791 ein
2283 1750 2371 1799 Ehe⸗

1577 1811 1705 1850 mann,
1731 1800 1766 1847 ſo
1782 1800 1898 1844 wuͤrde
1912 1812 1944 1843 er
1961 1810 1994 1842 er
2018 1800 2165 1847 dennoch
2188 1799 2371 1849 gefunden,

1578 1856 1649 1895 und
1664 1849 1791 1901 moͤchte
1813 1845 1891 1903 auch
1907 1841 2010 1904 billig
2032 1851 2087 1901 fuͤr
2110 1849 2203 1891 einen
2225 1850 2372 1900 Ehebre⸗

1578 1904 1648 1947 cher
1670 1902 1822 1954 gehalten
1837 1903 1982 1944 werden.

1631 1962 1712 1997 166.
1746 1957 1835 1999 Das
1850 1960 1920 2004 ſind
1935 1956 2070 2001 Worte
2087 1955 2176 1997 eines
2192 1955 2373 2003 Mannes,

1579 2010 1635 2049 der
1657 2008 1770 2052 GOtt
1790 2004 1931 2055 fuͤrchtet
1956 2006 2026 2046 und
2046 2003 2201 2054 gottſelig
2217 2002 2273 2052 iſt:
2301 2007 2374 2044 und

1577 2059 1675 2105 ſtehet
1696 2058 1816 2105 ſolches
1844 2058 1949 2098 einem
1975 2054 2114 2103 Fuͤrſten
2143 2057 2211 2096 und
2241 2051 2375 2104 Koͤnige

1576 2108 1668 2156 wohl
1675 2116 1741 2154 an,
1767 2108 1823 2147 der
1831 2105 1912 2154 auch
1921 2106 1993 2146 dem
2002 2103 2189 2152 heimlichen
2200 2104 2374 2152 Ehebruch

1579 2160 1668 2204 feind
1682 2159 1740 2206 iſt,
1763 2158 1832 2199 und
1847 2159 1883 2207 iſt
1889 2153 2076 2204 glaͤublich,
2103 2157 2169 2205 daß
2177 2167 2211 2197 er
2217 2155 2376 2205 vielmehr

1580 2211 1641 2249 den
1657 2202 1862 2258 oͤffentlichen
1883 2205 2057 2254 Ehebruch
2079 2205 2148 2245 und
2171 2203 2375 2253 unziemliche

1579 2256 1830 2306 Vermiſchung
1845 2261 1952 2298 werde
1968 2251 2121 2309 geſtrafet
2153 2253 2280 2307 haben.
2297 2259 2374 2297 Und

1580 2317 1679 2349 wenn
1693 2309 1736 2353 ſie
1749 2305 1844 2354 ſchon
1860 2306 1966 2347 einem
1978 2306 2123 2347 anderen
2139 2304 2224 2353 ohne
2226 2305 2277 2357 des
2303 2304 2378 2348 Koͤ⸗

1581 2362 1678 2409 niges
1692 2361 1829 2409 Wiſſen
1844 2355 1934 2400 waͤre
1955 2356 2128 2406 zugefuͤget
2149 2360 2312 2408 worden,
2343 2357 2379 2405 ſo

1579 2410 1671 2463 haͤtte
1685 2423 1720 2456 er
1734 2411 1815 2462 doch
1829 2413 1937 2456 daran
1952 2410 2040 2454 keine
2057 2409 2197 2461 Schuld
2218 2409 2355 2459 gehabt.
