1597 2464
139 406 169 443 in
171 423 315 452 concione
325 420 560 455 25)prouinciam
576 422 767 456 depoſuerim,
785 426 840 455 26)
862 427 963 454 ſtatim,
976 438 1075 456 quem-

137 465 294 498 admodum
310 477 370 499 eam
386 469 439 498 tibi
456 471 603 504 traderem,
616 470 740 506 cogitare
753 473 872 507 cœpiſſe.
889 477 949 508 27).
988 476 1077 502 Nihil

136 503 198 542 dico
207 512 245 543 de
256 518 400 550 fortitione
413 518 462 560 28)
476 520 576 556 veſtra;
599 527 711 551 tantum
719 527 746 549 te
758 518 888 561 ſuſpicari
905 522 979 559 volo,
1004 521 1078 553 nihil

135 545 164 580 in
176 557 210 583 ea
218 562 253 594 re
267 566 307 598 per
326 564 462 604 collegam
475 571 585 601 meum,
593 561 648 603 29)
671 573 718 595 me
730 562 873 603 inſciente,
893 565 946 596 eſſe
959 565 1076 597 factum.

138 591 291 631 Recordare
313 614 415 644 cetera,
437 615 526 646 quam
541 605 597 636 cito
613 605 742 637 ſenatum
755 605 804 638 illo
820 606 881 646 die,
911 608 982 639 facta
995 604 1085 639 ſorti-

138 637 224 674 tione,
236 648 282 687 30)
295 649 447 691 coëgerim,
454 651 508 689 31)
516 659 602 689 quam
611 651 701 682 multa
708 651 743 682 de
752 660 778 683 te
788 650 872 684 verba
879 650 1001 689 fecerim,
1009 662 1077 682 cum

135 680 173 709 tu
176 681 227 723 ipſe
252 692 320 724 mihi
329 692 431 732 dixiſti,
439 692 599 725 orationem
610 700 703 724 meam
710 689 775 723 non
784 691 877 724 ſolum
887 693 917 724 in
926 701 952 723 te
960 691 1078 725 honori-

139 721 225 764 ficam,
236 732 290 773 32)
300 738 346 769 ſed
352 738 435 769 etiam
444 735 475 766 in
485 737 604 778 collegas
611 745 676 768 tuos
687 737 923 770 contumelioſam
931 737 1018 779 fuiſſe.
1029 737 1078 780 33)

139 763 195 801 Iam
202 769 282 813 illud
297 780 408 812 ſenatus
417 779 591 819 conſultum,
600 781 680 820 quod
696 776 730 812 eo
745 780 791 812 die
798 781 905 813 factum
914 780 960 819 eſt,
973 791 1003 811 ea
1011 786 1085 821 præ-

141 807 293 849 ſcriptione
304 824 351 862 eſt,
367 823 421 865 34)
436 831 474 863 vt,
487 825 559 859 dum
573 825 601 857 id
616 817 742 864 exſtabit,
755 830 815 866 35)
832 824 963 858 officium
977 836 1076 858 meum

139 847 167 886 in
170 858 202 887 te
210 866 367 901 obſcurum
376 870 429 901 eſſe
436 881 498 902 non
505 869 654 912 poſſit.
612 864 655 915 36)
663 868 761 902 Poſtea
768 880 834 901 vero
843 880 929 910 quam
937 871 1085 911 profectus

144 901 178 935 es,
185 907 273 941 velim
274 908 431 947 recordere,
454 918 519 949 quæ
533 918 589 950 ego
600 911 635 941 de
643 919 671 940 te
684 909 715 942 in
721 907 819 941 ſenatu
830 911 947 950 egerim,
965 921 1030 951 quæ
1045 914 1077 942 in

141 941 331 984 concionibus
343 952 473 991 dixerim,
488 963 556 994 quas
570 952 605 985 ad
617 953 644 985 te
644 952 754 985 litteras
769 951 907 986 miſerim:
928 963 992 994 quæ
1010 963 1078 985 cum

149 990 233 1025 omnia
250 991 407 1041 collegeris,
415 998 470 1042 37)
492 1010 525 1034 tu
538 1000 595 1042 ipſe
608 1001 695 1033 velim
707 999 822 1040 iudices,
836 1000 936 1035 ſatisne
950 1001 1079 1034 videatur

149 1018 185 1064 his
196 1041 331 1071 omnibus
337 1039 423 1071 rebus
429 1049 498 1072 tuus
505 1040 653 1077 aduentus,
661 1047 729 1070 cum
739 1041 996 1080 proximeRomam
1003 1044 1080 1073 veni-

147 1064 184 1108 ſti,
206 1085 309 1119 mutuo
330 1089 510 1126 reſpondiſſe.
526 1085 581 1129 38)
624 1088 713 1133 Quod
728 1089 825 1122 ſcribis
840 1091 875 1124 de
887 1093 1085 1126 RECONCI-

144 1107 265 1162 LIATA
283 1130 452 1163 NOSTRA
467 1121 641 1166 GRATIA,
672 1122 735 1159 non
749 1124 890 1168 intelligo,
918 1136 970 1159 cur
983 1138 1082 1159 recon-

146 1151 261 1209 ciliatam
268 1168 322 1202 eſſe
329 1171 411 1212 dicas,
421 1176 492 1214 quæ
505 1182 658 1214 nunquam
670 1170 827 1204 imminuta
837 1174 884 1204 eſt.
894 1171 949 1215 39)
991 1174 1085 1218 Quod

149 1196 242 1243 ſcribis,
265 1220 339 1247 non
357 1218 512 1257 oportuiſſe
530 1220 683 1251 Metellum
704 1216 820 1249 fratrem
842 1227 928 1250 tuum
952 1221 1004 1254 OB
1022 1221 1083 1253 DI-

146 1239 270 1288 CTVM
279 1256 308 1290 A
322 1256 382 1289 ME
399 1257 653 1292 OPPVGNARI:
698 1259 827 1303 primum
848 1260 905 1296 hoc
920 1262 1005 1296 velim
1026 1261 1084 1295 exi-

146 1285 246 1327 ſtimes,
269 1300 399 1333 animum
409 1300 482 1340 mihi
488 1301 575 1336 iſtum
583 1312 667 1333 tuum
674 1301 857 1334 vehementer
865 1304 983 1342 probari
986 1305 1085 1347 40)&

149 1324 301 1374 fraternam
309 1347 422 1385 plenam
429 1343 612 1377 humanitatis
618 1355 650 1376 ac
658 1345 766 1385 pietatis
773 1348 965 1378 voluntatem:
975 1349 1030 1386 41)
1037 1349 1085 1377 de-

148 1366 212 1404 inde
218 1379 240 1415 ſi
247 1395 309 1417 qua
317 1397 372 1429 ego
382 1387 414 1426 in
422 1398 452 1419 re
460 1387 538 1420 fratri
544 1397 597 1419 tuo
606 1387 768 1429 reipublicæ
777 1389 867 1422 cauſſa
878 1391 1037 1431 reſtiterim,
1054 1399 1085 1423 vt

1012 1443 1085 1468 mihi

1099 475 1118 519 8

1098 615 1119 649 9

1089 785 1125 825 10

1093 873 1122 917 11

1085 1093 1124 1126 12

1085 1174 1122 1218 13

148 1472 200 1506 und
213 1480 367 1524 Vergnuͤgen
375 1483 463 1524 haben.
501 1486 546 1524 25)
561 1486 604 1524 Jn
616 1485 768 1524 oͤffentlicher
779 1486 1085 1524 Raths⸗Verſammlung.

157 1511 197 1543 26)
213 1522 366 1559 Deponere,
378 1521 542 1559 niederlegen,
559 1523 627 1557 nicht
641 1525 782 1559 annehmen
791 1524 898 1559 wollen,
924 1526 1012 1558 vorher
1029 1526 1087 1559 hieß

161 1549 183 1571 es
198 1552 382 1589 prætermittere.
432 1563 478 1595 27)
495 1561 584 1590 Statim
596 1561 712 1596 cogitare
726 1563 808 1597 cœpi,
840 1562 878 1596 ich
892 1562 934 1591 bin
944 1565 1020 1597 gleich
1032 1569 1089 1591 dar⸗

157 1581 197 1606 auf
207 1576 311 1627 bedacht
326 1577 440 1629 geweſen.
475 1586 521 1622 28)
541 1589 658 1619 Sortitio,
670 1589 710 1619 die
718 1591 820 1623 Loſung.
865 1594 911 1623 29)
930 1601 965 1628 In
965 1601 1085 1628 conſula-

157 1612 191 1646 tu
201 1617 224 1644 C.
240 1624 391 1661 Antonium.
429 1630 475 1667 30)
481 1632 649 1662 Sortitionem
663 1634 753 1663 facere,
761 1634 835 1667 loſen,
852 1635 898 1664 das
909 1633 975 1663 Loos
989 1635 1090 1668 werfen.

158 1646 203 1678 31)
217 1658 342 1696 Senatum
355 1675 453 1701 cogere,
466 1670 510 1703 den
518 1671 589 1704 Rath
601 1670 740 1704 zuſammen
747 1670 844 1703 fordern
853 1670 934 1707 laſſen.
971 1672 1016 1705 32)
1032 1673 1092 1699 Ora-

155 1680 191 1704 tio
204 1687 255 1716 eius
262 1692 297 1721 in
309 1703 334 1724 te
361 1701 395 1730 eſt
411 1702 561 1733 honorifica,
580 1702 627 1737 ſein
643 1701 752 1737 Diſcurs
767 1704 886 1736 gereichet
902 1705 938 1733 dir
951 1708 980 1735 zu
998 1704 1092 1736 Ehren.

157 1713 195 1749 33)
217 1723 309 1756 Oratio
324 1728 378 1757 eius
393 1729 420 1758 in
434 1735 458 1758 te
473 1730 507 1760 eſt
521 1732 712 1763 contumelioſa,
730 1737 756 1760 er
768 1728 817 1766 hat
825 1733 877 1765 dich
892 1735 917 1761 in
933 1733 1008 1765 ſeiner
1021 1731 1091 1762 Rede

158 1747 312 1797 beſchimpfet.
347 1766 440 1805 Durch
454 1768 492 1801 die
500 1769 619 1803 Collegen
634 1770 752 1804 verſtehet
763 1776 789 1800 er
802 1773 840 1799 die
852 1776 946 1801 andern
961 1774 1093 1801 Prætores,

154 1779 189 1809 die
203 1787 257 1827 dem
273 1799 375 1828 Metello
388 1800 425 1832 die
441 1800 544 1838 Provintz
553 1800 656 1834 Gallien
667 1806 734 1836 nicht
747 1806 871 1843 goͤnneten
916 1806 961 1834 34)
979 1805 1023 1836 Jſt
1042 1808 1093 1833 von

157 1813 177 1847 ſo
191 1824 267 1858 vielen
287 1834 495 1872 Raths ⸗ Herren
515 1838 563 1869 mit
575 1838 716 1872 Vorſchrift
737 1842 804 1870 ihres
817 1842 939 1869 Namens
954 1839 1094 1873 beſtaͤtiget.

158 1853 203 1885 35)
220 1859 260 1887 So
290 1867 344 1905 lange
360 1874 404 1902 als
415 1872 491 1907 dieſes
507 1875 637 1908 vorhanden
648 1876 702 1907 ſeyn
712 1876 779 1904 wird.
818 1877 863 1909 36)
889 1874 998 1911 Officium
1006 1882 1094 1901 meum

155 1885 186 1907 in
201 1887 272 1921 illum
287 1911 341 1933 non
352 1906 386 1934 eſt
400 1906 547 1939 obſcurum,
567 1909 648 1938 meine
659 1910 728 1937 Liebe
743 1914 818 1941 gegen
833 1912 876 1940 ihn
894 1908 923 1941 iſt
937 1908 1005 1941 nicht
1018 1909 1095 1938 unbe⸗

160 1911 217 1951 kant
231 1933 277 1951 und
293 1936 433 1975 verborgen.
469 1940 517 1976 37)
542 1943 637 1970 Omnia
652 1945 787 1975 colligere,
804 1945 868 1970 alles
883 1944 1022 1973 zuſammen
1034 1947 1095 1976 neh⸗

160 1957 212 1985 men
229 1970 270 1993 und
290 1968 427 2006 uͤberlegen.
465 1978 510 2008 38)
530 1976 573 2003 Ob
589 1978 659 2005 deine
671 1979 784 2007 neuliche
796 1976 909 2005 Ankunft
922 1982 951 2006 zu
965 1980 1034 2005 Rom
1043 1983 1098 2005 mit

161 1991 261 2020 meinem
273 1996 415 2032 Verhalten
428 2009 503 2041 gegen
519 2011 572 2045 dich
584 2012 687 2049 uͤberein
695 2016 817 2049 kommen.
854 2015 899 2045 39)
918 2014 1034 2044 Gratiam
1046 2017 1098 2051 im-

158 2027 278 2057 minuere,
306 2041 344 2070 die
362 2041 537 2078 Freundſchaft
558 2049 701 2080 verletzen,
719 2051 814 2076 darinn
838 2049 921 2074 etwas
948 2049 1100 2083 nachlaſſen.

163 2056 208 2085 40)
221 2065 333 2096 Animus
351 2076 411 2096 tuus
425 2075 487 2099 mihi
497 2080 661 2114 vehementer
676 2083 818 2110 probatur,
858 2083 914 2109 dein
929 2084 1046 2111 Gemuͤth
1057 2090 1099 2114 ge⸗

161 2086 231 2121 faͤllet
239 2092 285 2130 mir
299 2105 349 2139 ſehr
362 2107 438 2140 wohl.
473 2114 521 2141 41)
538 2114 655 2142 Frarerna
666 2117 787 2147 voluntas
802 2116 875 2143 plena
890 2119 924 2147 eſt
932 2119 1010 2149 huma
1040 2121 1100 2153 ratis

155 2127 188 2147 ac
195 2127 314 2166 pietatis,
334 2142 368 2168 du
379 2144 463 2173 zeigeſt
482 2144 583 2177 hiermit
598 2145 669 2176 deine
680 2143 802 2180 Neigung
815 2147 867 2182 und
877 2146 947 2183 Liebe
960 2151 1036 2192 gegen
1051 2161 1097 2182 den

195 2161 240 2189 (M.
255 2166 290 2197 T.
303 2169 409 2207 Ciceron.
427 2181 514 2216 Epiſt.)

719 2185 756 2216 M

1029 2188 1101 2212 Bru⸗
