1378 2195
584 350 651 400 4.)
686 349 856 395 Matth.
872 362 929 397 10,
941 356 999 391 28.

427 407 655 478 Fuͤrchtet
679 410 782 474 euch
796 412 915 477 nicht
934 426 1023 468 vor
1042 414 1216 471 denen,

332 479 432 534 die
448 486 532 536 den
551 480 656 536 Leib
672 480 859 544 toͤdten,
874 485 971 536 und
994 486 1066 538 die
1083 488 1210 542 See⸗

323 550 400 604 le
427 550 550 610 nicht
575 549 762 616 moͤgen
792 552 984 608 toͤdten.
1047 554 1211 618 Fuͤrch⸗

321 622 430 679 tet
450 616 554 676 euch
576 619 695 671 aber
718 621 809 674 viel
830 622 962 682 mehr
982 631 1068 675 vor
1091 624 1235 677 dem,

316 685 437 740 der
460 686 568 744 Leib
599 689 698 741 und
723 690 892 747 Seele
913 690 1208 745 verderben

298 739 469 825 mag
456 744 548 825 in
558 756 631 810 die
646 754 811 823 Hoͤlle.

586 867 643 915 5.)
658 865 829 917 Matth.
848 869 901 915 16,
917 869 980 907 26.

424 928 555 983 Was
572 930 708 990 huͤlfs
734 935 835 985 dem
857 930 1165 996 Menſchen,
1161 927 1209 996 ſo

356 1002 402 1046 er
425 992 497 1046 die
514 1004 667 1063 ganze
680 993 816 1048 Welt
829 993 1094 1062 gewoͤnne,
1106 1000 1205 1052 und

352 1063 536 1131 naͤhme
560 1066 671 1127 doch
696 1066 940 1131 Schaden
968 1081 1029 1121 an
1054 1065 1204 1133 ſeiner

353 1135 567 1193 Seele?
600 1126 797 1199 Oder,
830 1141 945 1191 was
969 1133 1090 1192 kann
1124 1142 1202 1193 der

351 1202 554 1268 Menſch
582 1207 775 1270 geben,
808 1205 976 1260 damit
996 1218 1041 1262 er
1077 1205 1203 1272 ſeine

352 1273 517 1328 Seele
535 1263 715 1329 wieder
738 1277 868 1335 loͤſe?

599 1378 663 1430 6.)
693 1393 723 1421 I.
740 1378 856 1424 Tim.
867 1392 901 1426 2,
920 1388 956 1426 5.

388 1426 447 1493 Es
438 1428 535 1489 iſt
550 1429 643 1484 Ein
661 1430 814 1488 Gott,
830 1433 927 1484 und
944 1416 1028 1494 Ein
1041 1427 1220 1499 Mitt⸗

351 1506 415 1560 ler
438 1505 665 1573 zwiſchen
716 1510 816 1566 Gott
853 1514 925 1564 und
945 1514 1029 1564 den
1045 1511 1199 1567 Men⸗

350 1575 499 1643 ſchen,
512 1573 737 1643 nemlich
745 1582 823 1637 der
844 1579 1041 1646 Menſch
1065 1580 1197 1648 Chri⸗

350 1653 452 1712 ſtus
466 1644 679 1707 JEſus.

610 1754 670 1806 7.)
698 1755 804 1805 Joh.
821 1769 852 1805 3,
873 1759 932 1797 16.

416 1811 552 1877 Alſo
581 1820 664 1886 hat
682 1823 843 1880 GOtt
865 1824 939 1881 die
955 1821 1096 1881 Welt
1115 1834 1196 1887 ge⸗
