3041 4452
721 1171 892 1213 Beſoldung

723 1227 777 1261 des
792 1223 873 1258 Cam⸗

725 1268 868 1308 mer ⸗ Ge⸗

724 1316 814 1350 richts
826 1310 882 1344 aus

727 1348 870 1386 gemeiner

727 1388 816 1432 Caſſa.

746 2306 890 2347 Cammer⸗

747 2342 869 2378 Richter

749 2388 811 2423 und
818 2379 919 2424 Beyſi⸗

749 2443 803 2474 tzer
815 2433 898 2466 ſollen

749 2477 796 2511 die
808 2478 884 2511 Ord⸗

747 2512 830 2533 nung
838 2508 869 2527 in
875 2497 919 2533 ge⸗

750 2549 918 2584 wiſſeForm

748 2593 881 2632 bringen.

885 674 990 733 thaͤt,
1010 672 1048 731 ſo
1048 671 1151 729 ſollen
1166 676 1313 722 alsdann
1339 674 1432 720 Wir,
1446 661 1519 716 oder
1546 670 1621 713 der,
1647 667 1680 714 ſo
1697 676 1737 710 an

889 734 996 784 Unſer
1010 729 1089 780 ſtatt
1112 728 1200 779 ſitzen
1214 722 1348 771 wuͤrde,
1373 725 1445 765 und
1473 724 1538 763 das
1563 721 1739 762 verordnet

893 777 1084 829 Regiment
1107 776 1195 827 nicht
1211 776 1301 821 deſto
1315 774 1446 816 minder
1483 766 1586 815 Macht
1605 766 1739 815 haben,

894 837 991 868 einen
1006 832 1134 866 andern
1152 820 1336 863 Aſſeſſorn
1362 818 1430 866 auß
1448 807 1611 867 derſelben
1634 811 1742 858 Land⸗

895 881 1011 934 ſchafft
1026 892 1064 930 zu
1079 880 1209 924 wehlen
1222 879 1294 919 und
1313 886 1350 923 zu
1364 873 1524 921 nehmen,
1540 871 1657 914 damit
1672 871 1739 912 das

895 930 1270 981 Cammer ⸗ Gericht
1298 923 1595 977 vollkommentlich
1634 921 1747 975 beſetzt

899 997 1039 1042 werde.

1311 1059 1339 1084 I.

1064 1104 1159 1149 Von
1173 1103 1239 1144 der
1252 1096 1436 1151 Beyſitzer
1452 1094 1575 1140 Sold.

953 1158 1078 1211 Jtem,
1087 1161 1157 1199 und
1167 1156 1222 1200 als
1231 1153 1306 1207 auff
1310 1157 1387 1197 dem
1399 1151 1591 1203 gehaltenen
1612 1141 1746 1196 Reichs⸗

907 1214 987 1262 Tag
997 1222 1032 1263 zu
1043 1209 1232 1261 Freyburg,
1257 1208 1325 1256 auß
1326 1198 1572 1260 treffentlichen
1593 1195 1743 1251 Urſachen

909 1266 1062 1312 bewegen
1076 1263 1145 1302 und
1159 1257 1349 1311 beſchloſſen
1356 1254 1502 1307 geweſen
1510 1254 1559 1302 iſt,
1566 1250 1747 1295 Cammer⸗

908 1311 1049 1361 Richter
1057 1314 1126 1353 und
1135 1308 1324 1356 Beyſitzern
1340 1303 1431 1349 ihren
1440 1300 1547 1348 Sold
1560 1307 1598 1349 zu
1606 1295 1748 1347 beſſern,

908 1370 980 1410 und
994 1366 1054 1419 ſich
1070 1368 1148 1410 aber
1162 1364 1264 1414 ſolche
1278 1361 1474 1412 Beſſerung
1484 1356 1621 1406 bißhero
1641 1362 1749 1400 verzo⸗

909 1422 998 1462 gen,
1030 1413 1138 1460 haben
1153 1412 1259 1456 Wir,
1290 1408 1354 1451 mit
1367 1406 1475 1457 ſampt
1497 1409 1563 1448 den
1591 1399 1748 1451 Staͤnden

910 1470 1010 1520 dieſer
1028 1465 1308 1518 Verſamblung,
1331 1460 1432 1511 ſolche
1455 1457 1650 1507 Beſſerung
1676 1453 1748 1500 ietzo

910 1516 1010 1567 allhie
1023 1514 1282 1564 fuͤrgenommen
1296 1512 1367 1552 und
1381 1503 1618 1557 außgetruckt,
1633 1504 1751 1549 nehm⸗

911 1568 973 1613 lich
993 1565 1114 1617 alſo:
1123 1562 1217 1611 Daß
1236 1560 1375 1611 hinfuͤro
1393 1550 1532 1608 Unſerm
1554 1556 1752 1598 Cammer⸗

910 1617 1075 1659 Richter
1096 1603 1485 1660 fuͤnffzehenhundert
1500 1600 1689 1646 Gulden,
1706 1595 1754 1639 ei⸗

911 1673 991 1700 nem
997 1663 1151 1705 Grafen
1164 1664 1244 1695 oder
1252 1657 1398 1700 Herrn,
1423 1653 1488 1692 der
1504 1650 1563 1691 ein
1578 1640 1755 1697 Beyſitzer

913 1715 979 1767 iſt,
1002 1709 1273 1758 ſechshundert
1282 1703 1457 1747 Gulden,
1482 1704 1550 1742 und
1567 1694 1667 1743 einem
1687 1695 1757 1735 Do-

915 1770 1021 1805 ctor,
1043 1755 1286 1801 Licentiaten,
1297 1750 1437 1796 Ritter
1448 1752 1526 1794 oder
1531 1746 1757 1793 Edelmann

916 1811 1103 1873 Jaͤhrlich
1117 1808 1365 1860 vierhundert
1380 1805 1562 1855 Gulden,
1593 1809 1660 1845 von
1681 1804 1756 1842 dem

917 1858 1034 1908 Geld,
1067 1860 1102 1909 ſo
1116 1868 1184 1901 von
1200 1859 1263 1906 deß
1278 1855 1408 1906 Reichs
1422 1855 1639 1897 verordneten
1654 1846 1762 1897 Huͤlff

917 1914 1061 1964 gefallen
1082 1913 1189 1959 wird,
1222 1909 1321 1961 durch
1336 1906 1438 1959 Unſer
1461 1910 1532 1950 und
1553 1904 1613 1954 deß
1628 1903 1760 1948 Reichs

917 1965 1109 2020 Regiment
1137 1961 1281 2016 gegeben
1312 1965 1383 2006 und
1416 1958 1586 2009 entrichtet
1627 1958 1761 2000 werden

920 2028 1031 2076 ſollen.

1320 2118 1370 2153 II.

924 2174 1021 2207 Von
1035 2170 1099 2204 der
1107 2160 1349 2209 Verweſung
1365 2156 1431 2203 des
1439 2141 1769 2202 Cammer ⸗ Rich⸗

1107 2224 1190 2256 rers
1204 2216 1288 2255 und
1308 2214 1374 2253 der
1386 2199 1607 2256 Beyſitzer.

976 2274 1107 2327 Jtem:
1133 2268 1319 2306 Nachdem
1333 2264 1371 2294 in
1384 2264 1440 2292 der
1455 2255 1634 2299 Ordnung
1644 2241 1771 2295 Unſers

928 2327 1151 2379 Koͤniglichen
1171 2320 1542 2370 Cammer ⸗ Gerichts
1566 2317 1676 2363 etliche
1698 2315 1771 2360 Ge⸗

931 2382 1066 2429 brechen
1082 2374 1229 2426 geweſen,
1252 2369 1298 2428 iſt
1307 2368 1500 2424 verſchiener
1500 2360 1611 2422 Zeit,
1631 2363 1771 2414 Unſerm

931 2426 1268 2483 Cammer⸗Richter
1287 2430 1360 2468 und
1374 2422 1565 2474 Beyſitzern
1586 2425 1654 2464 von
1669 2417 1773 2466 Unſer

932 2486 1003 2524 und
1011 2481 1073 2532 deß
1081 2479 1211 2532 Reichs
1220 2472 1395 2524 Staͤnden
1404 2483 1518 2524 wegen
1527 2468 1677 2522 befohlen
1686 2477 1776 2512 wor⸗

932 2540 1017 2582 den,
1041 2531 1206 2585 derſelben
1231 2527 1424 2580 Gebrechen
1450 2522 1570 2576 halben
1594 2521 1779 2567 Ordnung,

931 2585 1186 2638 fuͤrzunehmen,
1211 2584 1284 2623 und
1292 2579 1326 2622 in
1334 2579 1387 2621 ein
1396 2576 1502 2627 Form
1511 2586 1548 2625 zu
1556 2573 1683 2620 ſtellen,
1697 2573 1776 2616 Uns

931 2642 1003 2678 und
1016 2641 1079 2679 den
1093 2628 1269 2680 Staͤnden
1278 2632 1338 2672 des
1346 2627 1478 2679 Reichs
1486 2628 1538 2671 die
1552 2617 1658 2675 fuͤrter
1668 2618 1777 2670 fuͤrzu⸗

930 2690 1082 2729 bringen,
1096 2687 1147 2719 die
1157 2681 1257 2725 ferrer
1265 2683 1303 2721 zu
1311 2672 1465 2724 ermeſſen
1473 2674 1545 2713 und
1555 2679 1594 2711 zu
1602 2658 1776 2716 bewegen:

931 2740 1059 2786 Haben
1065 2732 1244 2780 gemeldter
1250 2726 1353 2779 Unſer
1361 2715 1693 2773 Cammer ⸗ Richter
1705 2723 1782 2761 und

931 2788 1102 2832 Beyſitzer
1116 2780 1254 2828 ſolchem
1270 2775 1402 2827 Befehl
1418 2772 1509 2823 Folg
1524 2768 1671 2824 gethan,
1704 2767 1779 2813 deß⸗

933 2838 1058 2889 halben
1065 2830 1177 2877 etliche
1190 2824 1324 2883 Artickel
1341 2847 1481 2871 geſtellt,
1519 2816 1577 2864 und
1594 2810 1649 2864 Uns
1645 2813 1781 2866 dieſel⸗

934 2892 1000 2923 ben
1009 2882 1087 2938 auff
1096 2883 1173 2920 dem
1180 2876 1376 2925 gehaltenen
1382 2868 1628 2923 Reichs⸗Tag
1634 2876 1670 2916 zu
1680 2863 1778 2914 Frey⸗

935 2937 1022 2980 burg
1040 2931 1234 2978 fuͤrbringen
1255 2923 1367 2977 laſſen.
1431 2917 1597 2972 Darauff
1609 2921 1680 2960 und
1697 2913 1781 2963 auch

935 2989 1061 3028 andere
1081 2975 1296 3034 Nothdurfft
1313 2976 1375 3021 deß
1390 2965 1782 3020 Cammer ⸗ Gerichts,

935 3040 1036 3089 durch
1053 3038 1114 3094 Uns
1133 3035 1193 3077 und
1215 3032 1265 3076 die
1276 3018 1423 3080 Staͤnd,
1434 3026 1466 3080 ſo
1476 3022 1625 3078 dißmahl
1641 3012 1677 3078 zu
1685 3020 1782 3071 Frey⸗

934 3093 1023 3137 burg
1039 3086 1236 3136 verſamblet
1250 3078 1397 3133 geweſen
1410 3075 1504 3127 ſind,
1528 3074 1642 3118 weiter
1651 3068 1786 3125 gerath⸗

935 3142 1060 3192 ſchlagt
1067 3141 1138 3184 und
1146 3135 1354 3187 beſchloſſen,
1382 3133 1453 3174 und
1460 3128 1534 3182 jetzo
1543 3127 1639 3175 allhie
1647 3124 1784 3170 wieder⸗

935 3201 1016 3242 umb
1018 3192 1196 3240 erneuert,
1223 3179 1306 3229 auch
1314 3189 1353 3230 zu
1360 3178 1494 3226 etlichen
1501 3174 1667 3225 Artickeln
1685 3168 1785 3222 noth⸗

935 3245 1096 3294 duͤrfftige
1113 3240 1298 3289 Zuſatzung
1314 3239 1387 3280 und
1407 3227 1600 3285 Erklaͤrung
1613 3225 1786 3281 geſchehen

937 3303 994 3353 iſt,
1018 3301 1083 3346 wie
1096 3297 1238 3350 hernach
1251 3292 1351 3347 folgt.

1330 3389 1399 3420 III.

939 3447 1039 3495 Und
1061 3435 1298 3504 anfaͤnglich
1318 3422 1394 3495 deß
1406 3433 1607 3492 Artickels
1624 3425 1788 3491 halben,

939 3515 1177 3553 Verweſung
1199 3517 1269 3542 des
1282 3497 1695 3539 Cammer ⸗ Richters
1705 3479 1790 3528 und

969 3568 1115 3622 Anzahl
1133 3572 1200 3610 der
1222 3564 1437 3617 Beyſitzer,
1476 3563 1546 3604 des
1570 3559 1767 3606 Cammer⸗

1018 3620 1206 3663 Gerichts
1214 3610 1436 3664 betreffend,
1443 3608 1523 3660 alſo
1532 3596 1715 3650 lautend:

995 3695 1025 3742 §.
1048 3702 1081 3732 1.
1105 3689 1289 3741 Nachdem
1302 3687 1363 3735 deß
1374 3681 1595 3734 Koͤniglichen
1611 3679 1794 3723 Cammer⸗

942 3733 1108 3784 Gerichts
1120 3737 1299 3780 Ordnung
1318 3738 1356 3779 zu
1368 3726 1552 3772 Wormbs
1570 3710 1791 3772 außgangen,

943 3783 1115 3842 begreifft,
1138 3787 1205 3834 daß
1221 3789 1257 3828 in
1265 3780 1418 3833 Sachen
1434 3777 1572 3832 Fuͤrſten
1593 3773 1792 3827 betreffend,

944 3839 1151 3885 niemands
1164 3836 1259 3878 dann
1274 3839 1327 3880 ein
1336 3828 1452 3886 Graf
1466 3834 1544 3875 oder
1557 3827 1740 3886 Freyherr
1754 3835 1792 3873 zu

945 3888 1143 3938 Verweſer
1156 3882 1218 3934 deß
1233 3875 1645 3930 Cammer ⸗ Richters
1663 3866 1794 3925 geſetzt

1787 654 1939 692 werden
1953 645 2031 697 ſoll.
2081 642 2141 694 Jſt
2148 639 2399 695 gerathſchlagt,
2417 637 2481 685 daß
2498 638 2550 682 gut
2567 635 2628 679 und

1790 697 1874 747 noth
1893 695 1963 745 ſey,
1987 692 2103 745 auffs
2116 690 2256 743 mindſt
2276 690 2372 735 noch
2399 687 2458 731 ein
2476 682 2636 733 Grafen

1790 751 1880 792 oder
1885 744 2092 799 Freyherrn
2116 742 2162 784 an
2175 738 2239 783 das
2246 734 2629 784 Cammer ⸗ Gericht,

1790 810 1828 849 zu
1848 793 1969 851 Graf
1982 792 2242 847 Bernharden
2261 803 2341 834 von
2363 782 2566 839 Eberſtein
2592 793 2631 832 zu

1792 852 1938 893 ordnen,
1957 838 2111 895 damit
2067 838 2103 900 zu
2118 840 2249 893 Zeiten,
2267 841 2299 891 ſo
2308 841 2367 890 ſich
2377 835 2633 896 Leibs⸗Kranck⸗

1792 904 1861 953 heit
1875 902 1955 944 oder
1969 900 2089 944 andere
2098 890 2319 944 Nothſachen
2330 893 2511 940 demſelben
2525 890 2633 934 Cam⸗

1792 951 2031 1001 mer ⸗ Richter
2042 954 2114 993 und
2121 945 2258 996 Grafen
2267 954 2302 993 zu
2313 943 2400 987 einer
2418 941 2483 992 Zeit
2489 940 2634 988 begeben

1794 1003 1964 1055 moͤchten,
1975 1000 2133 1051 deſſelben
2141 999 2260 1049 halben
2281 990 2374 1042 nicht
2392 992 2635 1039 Verhinderung

1795 1056 1873 1095 oder
1900 1048 2019 1102 Mangel
2041 1047 2203 1095 entſtehen
2214 1041 2312 1090 moͤg,
2327 1042 2392 1084 wie
2398 1041 2511 1090 bißher
2522 1046 2636 1082 etwan

1795 1100 1965 1152 beſchehen
1974 1100 2021 1148 iſt.
2070 1095 2162 1146 Daß
2171 1097 2251 1142 auch
2259 1083 2354 1143 Fleiß
2362 1091 2555 1140 angekehrt,
2570 1088 2636 1136 daß

1796 1152 1849 1192 die
1868 1147 2048 1199 angezeigte
2067 1145 2144 1197 Zahl
2157 1149 2214 1189 der
2233 1133 2386 1196 Beyſitzer
2404 1128 2577 1204 fuͤrderlich
2593 1147 2641 1179 er⸗

1795 1203 1888 1262 fuͤllet
1894 1209 2016 1250 werde.

1848 1253 1878 1293 §.
1905 1260 1941 1287 2.
1954 1247 2051 1289 Und
2063 1242 2200 1287 wiewol
2217 1241 2269 1283 die
2280 1237 2441 1289 gemeldte
2458 1233 2638 1284 Ordnung

1798 1301 1954 1353 anzeigen
1977 1298 2072 1347 thut,
2103 1291 2200 1348 auff
2217 1293 2406 1351 ſechzehen
2428 1282 2642 1341 Beyſitzer,

1799 1351 1888 1399 alſo,
1920 1347 1988 1394 daß
2003 1347 2091 1394 nicht
2106 1347 2200 1390 mehr
2217 1345 2310 1383 dann
2330 1339 2399 1381 vier
2411 1336 2587 1389 Perſonen
2602 1347 2640 1385 zu

1799 1400 1890 1435 einer
1904 1398 1970 1440 Zeit
1981 1401 2051 1430 von
2068 1397 2145 1428 dem
2158 1384 2495 1432 Cammer ⸗ Gericht
2511 1380 2641 1427 erlaubt

1799 1454 1930 1506 werden
1945 1447 2104 1506 ſoͤllen.
2122 1449 2277 1494 Dieweil
2296 1445 2376 1489 aber
2399 1442 2536 1494 dieſelbe
2553 1436 2640 1492 Zahl

1802 1503 1923 1556 bißher
1930 1502 2014 1551 noch
2022 1502 2077 1543 nie
2085 1498 2212 1548 erfuͤllt,
2230 1499 2375 1549 ſondern
2384 1494 2438 1539 nie
2447 1494 2541 1542 mehr
2548 1489 2643 1535 dann

1801 1550 1997 1604 dreyzehen
2014 1543 2236 1600 Beyſitzer,
2247 1550 2318 1589 und
2335 1556 2372 1596 zu
2374 1535 2515 1595 etlichen
2539 1541 2645 1585 zeiten

1802 1603 1934 1648 minder
1944 1601 1996 1649 hie
2003 1605 2166 1646 geweſen,
2182 1600 2252 1638 und
2261 1597 2339 1640 aber
2346 1591 2446 1644 durch
2453 1590 2505 1641 die
2514 1583 2648 1639 Koͤnig⸗

1804 1649 1881 1705 liche
1891 1644 2076 1699 Majeſtaͤt,
2096 1640 2167 1691 und
2174 1644 2285 1694 etliche
2292 1644 2442 1694 Fuͤrſten
2451 1637 2514 1686 und
2530 1640 2650 1687 Staͤn⸗

1807 1708 1845 1749 de
1862 1700 1921 1749 deß
1939 1699 2095 1749 Reichs,
2126 1708 2163 1744 zu
2178 1693 2358 1742 Wormbs
2369 1688 2459 1735 dazu
2459 1686 2651 1737 geordnet,

1805 1749 1885 1805 auff
1896 1749 2095 1800 Anbringen
2111 1747 2202 1790 eines
2210 1742 2565 1789 Cammer ⸗ Gerichts
2584 1739 2655 1783 hie⸗

1805 1804 1859 1856 vor
1852 1796 2054 1852 zugelaſſen
2063 1789 2222 1847 worden,
2249 1789 2317 1841 daß
2333 1788 2432 1839 durch
2452 1780 2528 1835 acht
2544 1786 2654 1835 Bey⸗

1808 1851 1906 1895 ſitzer
1917 1849 1998 1890 und
2005 1848 2092 1883 dem
2103 1834 2487 1882 Cammer ⸗ Richter,
2497 1821 2658 1882 Urtheil

1808 1896 2037 1956 geſprochen
2046 1900 2197 1939 werden
2210 1890 2368 1942 moͤgen,
2390 1894 2463 1934 und
2470 1887 2658 1935 demſelben

1811 1952 1952 2010 zulaſſen
1958 1952 2056 2002 nach,
2063 1953 2126 1995 mit
2133 1947 2296 2000 derſelben
2304 1946 2405 1997 Zahl,
2417 1945 2481 1988 viel
2487 1942 2659 1991 Urtheilen

1811 2001 2005 2065 geſprochen
2013 2008 2085 2049 und
2099 1999 2300 2053 außgangen
2310 2000 2427 2048 ſeynd:
2450 1997 2512 2046 Jſt
2524 1995 2661 2045 gerath⸗

1813 2053 1964 2103 ſchlagt,
1979 2045 2059 2099 daß
2071 2045 2138 2099 gut
2152 2051 2224 2091 und
2240 2047 2326 2097 noth
2341 2054 2410 2096 ſey,
2433 2048 2663 2093 vergangener

1816 2110 1885 2157 und
1889 2096 2084 2160 kuͤnfftiger
2097 2099 2269 2147 Urtheilen
2281 2089 2421 2149 halben,
2448 2098 2518 2137 und
2534 2085 2602 2143 daß
2622 2098 2662 2135 es

1817 2147 1956 2207 fuͤrohin
1963 2143 2048 2202 auch
2056 2149 2124 2203 alſo
2132 2145 2287 2200 gehalten
2295 2144 2428 2196 werden
2436 2135 2512 2196 ſoll,
2528 2143 2664 2185 Decla-

1818 2205 1938 2247 ration
1950 2212 1988 2256 zu
1994 2210 2092 2251 thun,
2102 2205 2173 2246 und
2184 2199 2270 2246 klare
2277 2193 2458 2245 Ordnung
2463 2204 2500 2243 zu
2509 2193 2661 2241 machen,

1820 2255 1885 2299 wie
1892 2244 2034 2306 hernach
2044 2249 2151 2304 folgt,
2160 2251 2274 2293 damit
2289 2248 2344 2293 auß
2360 2235 2491 2296 ſolcher
2481 2242 2665 2290 Ordnung

1821 2303 1910 2358 nicht
1921 2299 2045 2357 Urſach
2071 2296 2217 2352 gegeben
2238 2299 2369 2341 werde,
2401 2297 2438 2339 in
2465 2297 2517 2334 die
2536 2293 2666 2342 Urtheil

1823 2350 1945 2409 Einred
1961 2356 2036 2398 oder
2045 2348 2269 2392 Cavillation
2283 2356 2319 2392 zu
2328 2344 2427 2396 thun.
2460 2342 2521 2397 Jſt
2530 2339 2671 2395 darauff

1822 2407 1921 2459 allhie
1945 2402 2126 2458 zugelaſſen
2146 2406 2217 2444 und
2244 2398 2450 2451 beſchloſſen,
2484 2395 2571 2444 alſo,
2599 2395 2667 2441 daß

1824 2463 1907 2500 man
1935 2444 2074 2505 hinfuͤro
2101 2460 2227 2497 zween
2248 2437 2485 2499 verſtaͤndige
2507 2441 2668 2492 Grafen

1824 2509 1903 2556 oder
1909 2502 2124 2558 Freyherrn,
2134 2499 2165 2551 ſo
2177 2502 2247 2553 fern
2258 2507 2339 2543 man
2348 2497 2400 2541 die
2407 2494 2559 2547 gehaben
2570 2501 2666 2542 mag,

1825 2567 1878 2601 an
1892 2559 1969 2601 das
1988 2549 2389 2600 Cammer ⸗ Gericht,
2413 2543 2485 2597 auß
2501 2544 2667 2596 Urſachen

1825 2608 1861 2656 im
1881 2605 2023 2658 Artickel
2040 2603 2224 2654 angezeigt,
2250 2601 2343 2651 ſetzen
2358 2600 2427 2651 ſoll.
2478 2590 2572 2647 Daß
2581 2596 2681 2648 auch

1826 2661 1889 2711 alle
1902 2660 1974 2700 und
1986 2654 2055 2703 jede
2069 2652 2219 2706 Urtheil
2232 2655 2310 2696 und
2325 2647 2478 2690 Proceſs
2494 2647 2595 2692 durch
2613 2647 2668 2689 die

1827 2700 1918 2756 acht
1935 2695 2122 2755 Beyſitzer
2117 2702 2194 2745 mit
2200 2701 2287 2742 dem
2294 2692 2667 2740 Cammer ⸗ Richter

1827 2746 2020 2806 geſprochen
2033 2755 2105 2797 und
2113 2747 2331 2803 außgangen,
2359 2749 2415 2797 bey
2446 2734 2586 2793 Wuͤrden
2595 2747 2670 2788 und

1829 2798 1987 2854 Kraͤfften
1994 2800 2069 2855 ſeyn
2077 2803 2148 2847 und
2157 2799 2283 2844 bleiben
2292 2793 2408 2848 ſollen,
2426 2796 2481 2837 als
2490 2789 2603 2838 waͤren
2613 2793 2683 2837 die

1830 2847 1944 2907 durch
1961 2846 2030 2902 die
2018 2843 2432 2905 SechzehenBeyſitzer
2439 2841 2670 2903 geſprochen

1829 2907 1900 2953 und
1916 2899 2129 2955 außgangen.
2154 2891 2305 2950 Setzen,
2331 2900 2456 2942 ordnen
2466 2897 2538 2941 und
2546 2890 2671 2938 woͤllen

1831 2950 1932 3009 auch,
1955 2955 2014 3008 daß
2035 2949 2138 3010 Unſer
2131 2943 2502 3002 Cammer ⸗ Richter
2508 2942 2671 3001 hinfuͤro

1829 2999 1948 3058 unter
1960 3000 2036 3057 acht
2049 3002 2141 3051 ober
2161 2993 2265 3056 zehen
2284 2993 2469 3053 Beyſitzer,
2495 2998 2532 3041 in
2544 2995 2685 3049 præſi-

1832 3053 1929 3104 diren
1939 3057 2013 3100 und
2021 3050 2247 3114 Oeffnungen
2268 3049 2327 3093 der
2338 3045 2508 3097 Urtheilen
2522 3043 2585 3093 bey
2600 3035 2673 3097 ihm

1831 3111 1921 3164 nicht
1939 3108 2035 3164 haben
2051 3102 2126 3156 ſoll.
2167 3097 2245 3155 Was
2266 3097 2349 3154 auch
2368 3107 2467 3153 durch
2481 3101 2570 3154 ihn,
2588 3096 2686 3145 und

1832 3161 1893 3211 die
1898 3158 1993 3211 acht
2002 3155 2093 3207 oder
2109 3156 2220 3211 zehen
2237 3154 2426 3209 Beyſitzer
2438 3146 2600 3207 hinfuͤro
2613 3159 2677 3195 ge⸗

1834 3206 2010 3267 urtheilt,
2033 3203 2245 3262 geſprochen,
2269 3203 2451 3251 decernirt
2467 3205 2546 3250 oder
2557 3198 2680 3244 decla-

1835 3266 1900 3313 rirt
1911 3268 2017 3312 wird,
2042 3264 2110 3307 das
2126 3256 2193 3313 ſoll
2209 3254 2311 3312 Krafft
2325 3263 2395 3304 und
2405 3256 2534 3305 Macht
2546 3252 2675 3303 haben,

1836 3313 1892 3358 als
1899 3312 1994 3362 waͤre
2005 3315 2045 3356 es
2058 3308 2158 3362 durch
2178 3310 2233 3354 die
2246 3305 2408 3360 ſechzehen
2420 3296 2606 3356 geſchehen.

2222 3416 2288 3448 IV.

1838 3448 1921 3493 Der
1925 3446 2045 3490 ander
2051 3443 2218 3490 Artickel
2230 3452 2311 3487 von
2323 3439 2435 3488 Viele
2454 3428 2519 3485 der
2531 3426 2677 3494 Sachen

1888 3498 2137 3553 anfahend
2147 3504 2214 3539 etc.
2237 3492 2386 3556 hernach
2386 3493 2617 3534 volgents

2165 3553 2276 3594 lauts
2290 3559 2359 3593 etc.

1890 3610 2013 3668 Jtem:
2036 3607 2129 3661 Daß
2136 3618 2207 3654 von
2222 3608 2333 3654 Viete
2351 3597 2424 3648 und
2437 3598 2608 3663 Mennige
2620 3598 2681 3645 der

1843 3662 2009 3715 Sachen,
2036 3661 2089 3707 die
2102 3660 2163 3713 ſich
2179 3650 2293 3713 taͤglich
2301 3646 2681 3708 haͤuffen
2460 3649 2513 3705 und
2529 3646 2701 3707 zufallen,

1838 3719 1879 3770 zu
1887 3710 2085 3770 Foͤrderung
2091 3711 2150 3752 der
2156 3704 2308 3755 Sachen
2321 3705 2381 3750 gut
2396 3702 2456 3746 und
2474 3700 2559 3751 noth
2570 3694 2683 3747 waͤre,

1843 3767 1906 3814 daß
1922 3762 1984 3818 ein
1977 3763 2310 3814 Cammer ⸗ Richter
2327 3758 2392 3810 auß
2405 3759 2467 3808 den
2475 3752 2684 3807 Beyſizern,

1842 3813 1879 3865 ſo
1896 3815 1963 3859 viel
1977 3824 2012 3858 er
2028 3823 2067 3862 zu
2079 3810 2196 3863 Zeiten
2218 3808 2253 3849 in
2268 3804 2329 3851 der
2340 3805 2509 3856 Audientz
2532 3804 2687 3847 entraten

1843 3865 1991 3921 moͤchte,
2021 3866 2082 3909 das
2097 3858 2158 3918 zum
2180 3856 2342 3911 mindſten
2355 3858 2482 3907 vieren
2500 3847 2688 3908 befehlen,

2656 1237 2704 1273 16.
2713 1234 2813 1281 Beyſi⸗

2653 1292 2703 1329 tzer
2716 1291 2807 1327 neben

2655 1327 2713 1370 dem
2728 1333 2821 1366 Cam⸗

2655 1376 2828 1414 mer ⸗ Rich⸗

2651 1418 2699 1451 ter
2708 1414 2758 1453 bey
2775 1412 2828 1452 ei⸗

2656 1455 2720 1485 nem
2737 1450 2829 1481 Ur⸗

2657 1494 2746 1536 theil.
