2718 2747
891 248 976 282 1822

1178 234 1270 283 Cap.
1287 250 1330 284 13.
1345 237 1436 277 Von
1444 239 1524 277 dem
1538 236 1744 285 Reichstag
1756 244 1798 280 zu
1812 235 2006 285 Augſpurg
2020 234 2131 275 Anno
2145 245 2234 280 1530.

2429 262 2503 297 1823

883 307 945 342 wol
960 316 993 342 er
1009 305 1120 350 Sorge
1133 305 1228 350 haͤtte,
1248 309 1300 343 der
1316 306 1477 352 Anſtand,
1496 304 1527 347 ſo
1544 305 1601 341 wir
1626 314 1679 340 an⸗

888 352 1028 398 gegeben,
1050 354 1165 398 wuͤrde,
1175 363 1268 389 wann
1283 353 1355 396 auch
1370 352 1460 397 gleich
1468 353 1583 394 darauf
1595 354 1679 389 woll⸗

886 395 914 435 te
930 400 1086 443 gehandelt
1107 403 1238 444 werden,
1258 400 1313 444 bey
1328 399 1531 445 Kaͤyſerlicher
1546 399 1681 444 Majeſt.

886 446 1050 491 ſchwerlich
1061 456 1094 482 zu
1110 445 1231 489 erheben
1244 444 1321 489 ſeyn,
1344 445 1488 490 nachdem
1504 455 1578 480 man
1592 443 1682 487 ſagte,

888 492 1029 538 Kaͤyſerl.
1046 484 1177 537 Majeſt.
1192 490 1274 528 waͤre
1295 492 1326 528 in
1350 495 1401 527 der
1416 490 1527 532 Sache
1549 499 1624 535 ganz
1637 489 1682 525 in⸗

888 537 1051 583 flammirt,
1076 538 1149 579 alſo,
1170 539 1232 584 daß
1255 539 1317 583 ihre
1339 538 1474 582 Majeſt.
1495 541 1549 574 des
1570 538 1681 576 Endes

887 585 1043 628 foͤrderlich
1057 583 1268 629 Wiſſenſchaft
1290 581 1449 628 empfahen
1471 583 1590 619 wollte:
1613 585 1682 619 den⸗

886 625 960 668 noch
974 626 1072 661 wollte
1087 636 1118 661 er
1133 624 1211 669 nicht
1226 623 1421 669 unterlaſſen,
1443 627 1505 660 und
1526 625 1571 661 mit
1594 619 1681 671 Herrn

886 673 1030 717 Georgen
1043 673 1143 708 davon
1158 675 1258 717 reden,
1274 672 1312 708 ob
1327 676 1378 708 der
1392 672 1481 715 durch
1498 672 1544 708 die
1562 665 1682 716 Koͤnigl.

885 718 1019 763 Majeſt.
1035 729 1069 764 zu
1076 717 1232 762 Hungarn
1247 722 1309 756 und
1327 719 1480 763 Boͤhmen
1495 724 1592 754 etwas
1605 723 1678 753 aus⸗

887 763 1032 809 zurichten
1055 765 1175 809 wuͤßte:
1205 764 1267 808 daß
1287 773 1336 807 er,
1359 764 1520 806 gemeldter
1539 762 1681 805 Canzler,

885 810 999 854 moͤchte
1014 808 1114 853 ſagen,
1134 810 1162 854 ſo
1176 810 1234 846 viel
1243 812 1292 847 als
1307 822 1337 846 er
1347 809 1401 850 bey
1410 809 1504 850 dieſen
1514 808 1679 853 Handlun⸗

886 862 943 897 gen
952 853 1070 899 geweſt,
1080 856 1149 890 oder
1157 857 1258 890 davon
1266 853 1346 899 haͤtte
1355 856 1443 890 reden
1457 853 1561 898 hoͤren,
1574 853 1681 889 koͤnnte

886 909 919 934 er
940 898 1017 941 nicht
1038 900 1149 934 anders
1172 897 1297 943 ſpuͤren,
1322 899 1400 934 denn
1424 899 1486 941 daß
1508 900 1559 935 der
1574 896 1681 941 Koͤnig

886 947 933 983 die
956 944 1087 989 Sachen
1110 953 1199 988 gerne
1220 951 1274 988 gut
1294 945 1365 990 ſehe,
1387 943 1505 985 braͤchte
1529 945 1602 987 auch
1624 946 1679 980 den

886 992 1029 1033 Bruder,
1051 988 1156 1033 unſern
1171 989 1274 1035 Herrn
1291 988 1420 1034 Kaͤyſer,
1444 988 1487 1030 oft
1501 990 1611 1025 wieder
1626 988 1684 1031 auf

888 1039 998 1071 andere
1018 1035 1130 1078 Wege,
1153 1044 1246 1070 wann
1261 1036 1307 1070 die
1321 1038 1435 1072 andern
1448 1035 1511 1079 ihre
1527 1034 1682 1076 Majeſtaͤt

884 1080 1039 1117 bisweilen
1055 1078 1144 1124 gleich
1166 1086 1263 1116 etwas
1278 1078 1393 1122 bewegt
1413 1078 1549 1122 gemacht
1568 1080 1681 1123 haͤtten.

887 1130 956 1164 Und
979 1137 1027 1163 wo
1043 1129 1111 1163 dem
1130 1126 1330 1170 Churfuͤrſten
1353 1135 1387 1171 zu
1410 1125 1551 1169 Sachſen
1574 1124 1682 1168 ſolches

886 1170 1009 1215 gefaͤllig
1018 1168 1112 1214 waͤre,
1127 1171 1189 1215 daß
1198 1171 1330 1205 alsdann
1339 1168 1384 1206 die
1392 1178 1505 1213 zweene
1512 1169 1569 1205 mit
1578 1169 1683 1213 Herrn

887 1213 1033 1260 Georgen
1045 1216 1129 1260 ſelbſt
1143 1219 1204 1253 und
1220 1218 1247 1256 je
1263 1218 1329 1260 eher
1346 1219 1373 1260 je
1389 1216 1478 1260 beſſer
1491 1215 1626 1259 moͤchten
1635 1225 1682 1259 zu⸗

885 1259 1021 1302 ſammen
1038 1259 1176 1294 kommen,
1217 1262 1300 1295 dann
1309 1263 1360 1295 der
1368 1259 1494 1303 Verzug
1503 1256 1585 1292 waͤre
1595 1257 1680 1298 nach⸗

885 1307 997 1350 theilig,
1018 1316 1092 1342 man
1107 1306 1210 1343 wuͤrde
1224 1307 1278 1352 ſich
1296 1307 1371 1352 ſonſt
1387 1306 1459 1343 uͤber
1475 1311 1530 1343 den
1540 1307 1680 1351 Abſchied

886 1354 983 1399 ſetzen.

1231 1451 1326 1487 1098.

886 1497 939 1539 D.
949 1493 1141 1539 Bruͤckens
1155 1498 1229 1534 und
1237 1492 1530 1538 Melanchthons
1548 1492 1677 1540 ferner⸗

1123 1544 1216 1575 weite
1231 1542 1442 1581 Vorſtellung.

885 1610 994 1694 W

994 1610 1028 1649 as
1044 1610 1099 1643 den
1115 1607 1281 1650 friedlichen
1290 1605 1431 1650 Abſchied
1441 1605 1604 1650 belangete,
1616 1606 1678 1641 und

1011 1662 1062 1694 der
1079 1653 1242 1697 Churfuͤrſt
1258 1664 1292 1694 zu
1311 1651 1471 1696 Sachſen,
1492 1652 1569 1691 ſamt
1590 1652 1679 1694 ſeiner

887 1700 1072 1745 Churfuͤrſtl.
1089 1701 1159 1737 Gn.
1174 1699 1454 1741 Mitverwandten,
1476 1698 1679 1742 Kayſerlicher

886 1743 1019 1788 Majeſt.
1029 1743 1130 1786 haͤtten
1139 1742 1276 1786 anzeigen
1284 1739 1384 1784 laſſen,
1406 1742 1488 1775 waͤre
1498 1749 1573 1783 ganz
1581 1748 1680 1776 unter⸗

884 1790 1022 1836 thaͤniger
1037 1791 1206 1834 Meynung
1221 1798 1280 1825 von
1303 1789 1392 1833 ſeiner
1405 1789 1591 1833 Churfuͤrſtl.
1609 1791 1679 1827 Gn.

887 1836 949 1870 und
964 1837 1020 1869 den
1034 1837 1147 1869 andern
1163 1833 1326 1876 beſchehen,
1349 1834 1410 1868 und
1409 1826 1489 1877 nicht
1504 1826 1677 1878 dergeſtalt,

886 1883 935 1918 als
950 1880 987 1917 ob
1003 1882 1040 1925 ſie
1055 1880 1193 1925 Kayſerl.
1201 1880 1332 1923 Majeſt.
1349 1880 1467 1916 wollten
1482 1879 1610 1922 Frieden
1625 1889 1678 1914 an⸗

887 1926 1007 1968 bieten,
1033 1924 1157 1968 ſondern
1179 1926 1276 1961 damit
1296 1924 1514 1969 Churfuͤrſten,
1545 1925 1678 1967 Fuͤrſten

886 1974 948 2008 und
965 1970 1097 2009 Staͤnde
1110 1971 1251 2015 allerſeits
1271 1972 1302 2007 in
1319 1969 1448 2011 Frieden
1466 1969 1522 2013 bey
1538 1969 1679 2005 einander

887 2016 969 2057 ſitzen
977 2015 1038 2047 und
1047 2013 1173 2055 wohnen
1183 2010 1328 2055 moͤchten,
1336 2006 1385 2056 bis
1388 2021 1422 2056 zu
1446 2005 1530 2054 einem
1539 2005 1679 2054 General⸗

886 2071 987 2104 freyen
1004 2060 1152 2097 Concilio.
1199 2061 1266 2098 Sie
1288 2060 1408 2095 wollten
1431 2060 1502 2096 aber
1517 2060 1569 2104 diß
1592 2060 1679 2104 alles,

887 2099 961 2152 ohne
969 2106 1096 2151 Befehl,
1112 2105 1184 2149 auch
1194 2109 1266 2145 ohne
1276 2106 1450 2149 Vorwiſſen
1461 2106 1539 2145 ihres
1555 2103 1680 2148 gnaͤdig⸗

889 2150 948 2202 ſten
965 2152 1061 2197 Herrn,
1075 2153 1119 2186 des
1132 2141 1332 2196 Churfuͤrſten,
1342 2149 1446 2194 ſondern
1467 2150 1516 2192 fuͤr
1524 2152 1578 2196 ſich
1588 2144 1680 2196 ſelbſt,

891 2197 952 2229 und
962 2193 1174 2239 ungefaͤhrlich,
1192 2194 1264 2235 auch
1280 2193 1514 2238 unverbindlich,
1543 2194 1599 2228 mit
1613 2196 1681 2230 dem

893 2242 1022 2286 Canzler
1031 2245 1129 2281 geredt
1137 2241 1243 2279 haben.
1253 2243 1321 2277 Und
1331 2241 1448 2277 wiewol
1449 2235 1477 2279 er
1500 2240 1583 2284 ſelbſt
1591 2252 1625 2287 zu
1634 2240 1681 2276 be⸗

892 2289 1002 2325 denken
1011 2281 1101 2330 haͤtte,
1122 2294 1191 2322 was
1197 2289 1249 2323 der
1258 2286 1421 2331 Churfuͤrſt
1446 2276 1481 2327 zu
1472 2286 1613 2330 Sachſen
1622 2287 1682 2323 wol

893 2333 982 2370 allein
998 2333 1102 2376 ſolcher
1110 2334 1316 2375 Unterredung
1324 2330 1431 2376 halben
1446 2331 1574 2375 willigen
1584 2331 1682 2375 moͤch⸗

893 2383 932 2417 te,
954 2376 1069 2412 dieweil
1088 2375 1134 2412 die
1149 2371 1257 2418 Sache
1273 2376 1318 2412 die
1341 2377 1454 2412 andern
1471 2373 1599 2419 Fuͤrſten
1622 2376 1683 2411 und

1684 307 1837 347 Staͤnde
1859 310 1916 346 mit
1935 306 2062 350 betraf:
2087 306 2248 353 gleichwol
2267 308 2387 343 wollten
2406 309 2445 353 ſie
2466 317 2499 346 es

1685 346 1800 396 ſeinen
1817 352 2002 398 Churfuͤrſtl.
2017 353 2087 390 Gn.
2103 349 2254 396 anzeigen,
2275 353 2337 386 und
2351 361 2400 387 wo
2413 355 2494 388 dann

1686 385 1797 441 ſeiner
1811 395 1925 438 Fuͤrſtl.
1941 396 2010 432 Gn.
2024 394 2152 440 gefallen
2172 396 2280 440 wollte,
2304 397 2364 438 daß
2381 398 2418 439 ſie
2439 399 2492 439 ſich

1706 452 1741 487 zu
1748 442 1851 487 Herrn
1867 435 2012 488 Georgen
2026 441 2172 487 verfuͤgen
2187 442 2304 488 ſollten,
2333 443 2360 486 ſo
2376 444 2490 480 wollten

1706 494 1744 538 ſie
1759 491 1814 538 ſich
1831 493 1913 538 ihres
1928 492 2035 539 Theils
2059 491 2287 537 unverweislich
2302 490 2440 537 erzeigen.

1706 588 1746 631 E.
1775 584 1867 630 Von
1867 584 1952 630 dem
1961 583 2064 630 durch
2081 581 2279 636 Freyherrn
2288 591 2355 626 von
2365 582 2491 636 Truch⸗

1764 639 1816 692 ſeß
1841 645 1913 685 und
1924 642 1982 686 D.
1994 632 2129 694 Vehus
2145 639 2407 693 vorgebrachten
2415 650 2491 683 neu⸗

1763 709 1805 742 en
1822 699 2160 749 Vertragsmitteln.

2059 784 2155 812 1099.

1708 805 1829 852 Herrn
1839 807 1992 856 Georgs
2008 817 2081 846 von
2090 806 2267 856 Truchſeß
2280 807 2492 861 vorgeſchla⸗

1865 867 1942 899 gene
1955 869 2031 894 neue
2046 860 2330 901 Vergleichsmitel.

1705 912 1798 958 Dieſe
1807 911 1942 958 Aufſaͤtze
1957 911 2085 948 konnten
2094 910 2184 953 durch
2198 920 2244 952 14.
2260 910 2383 956 gelehrte
2392 911 2488 949 Maͤn⸗

1752 970 1816 1005 ner,
1837 963 1944 1005 welche
1959 972 2035 997 man
2051 959 2210 1005 deshalber
2230 959 2397 1004 zuſammen
2411 969 2442 1005 zu
2452 959 2486 1002 ſe⸗

1754 1008 1811 1049 tzen
1826 1004 1912 1050 habe,
1935 1004 2089 1050 gefertiget
2103 1007 2234 1041 werden.

1706 1067 1786 1152 E

1786 1067 1916 1111 rſtlich,
1943 1068 2073 1105 koͤnnten
2088 1069 2134 1105 die
2154 1067 2335 1112 verglichene
2348 1068 2449 1106 Artikel
2449 1068 2483 1106 in

1786 1113 1896 1151 einen
1919 1112 2081 1157 beſondern
2106 1112 2284 1152 foͤrmlichen
2304 1112 2414 1152 Aufſatz
2440 1120 2482 1152 ge⸗

1707 1155 1810 1198 bracht
1824 1157 1953 1191 werden.

1751 1199 1835 1242 Zum
1848 1200 1991 1243 andern,
2013 1199 2060 1235 die
2081 1196 2207 1243 uͤbrigen
2220 1198 2345 1243 Artikel,
2367 1197 2483 1242 weshal⸗

1702 1240 1756 1277 ber
1770 1251 1844 1276 man
1861 1239 1915 1285 ſich
1928 1242 2076 1276 entweder
2091 1249 2147 1283 gar
2160 1238 2249 1284 nicht,
2270 1243 2339 1276 oder
2354 1250 2407 1275 nur
2421 1239 2482 1275 eini⸗

1704 1291 1868 1335 germaſſen
1886 1290 2061 1336 verglichen,
2080 1291 2180 1334 ſollten
2196 1291 2348 1336 gleichfals
2361 1291 2482 1332 beſchrie⸗

1706 1340 1773 1381 ben,
1796 1341 1858 1372 und
1872 1340 1940 1374 dem
1956 1337 2098 1381 Abſchied
2118 1337 2320 1382 einverleibet,
2341 1338 2383 1373 die
2396 1337 2482 1375 Deci⸗

1706 1384 1768 1428 ſion
1790 1382 1862 1419 aber
1891 1386 1960 1420 dem
1989 1381 2143 1428 kuͤnftigen
2165 1381 2303 1420 Concilio
2332 1381 2480 1427 uͤberlaſſen

1705 1426 1836 1460 werden.

1747 1471 1992 1517 Drittens,
1932 1465 1985 1518 daß
2006 1473 2100 1507 denen
2107 1470 2180 1516 noch
2188 1469 2318 1516 aufrecht
2338 1471 2479 1516 ſtehenden

1703 1509 1847 1560 Kloͤſtern
1863 1515 1908 1550 die
1924 1514 2066 1559 Haltung
2082 1515 2133 1550 der
2149 1513 2291 1558 bisanher
2312 1513 2482 1557 gebraͤuchli⸗

1705 1561 1773 1606 chen
1782 1561 1981 1600 Ceremonien
1996 1565 2058 1597 und
2067 1561 2188 1605 Regeln
2203 1560 2405 1605 nachgelaſſen,
2413 1560 2480 1603 auch

1705 1608 1753 1644 bis
1769 1607 1826 1648 auf
1838 1611 1896 1644 das
1912 1607 2086 1645 Concilium
2103 1607 2198 1649 nichts
2213 1614 2272 1642 von
2288 1610 2375 1642 denen
2383 1606 2481 1650 geiſtli⸗

1704 1652 1772 1696 chen
1789 1653 1913 1689 Guͤtern
1928 1651 2090 1696 verkaufet,
2113 1654 2183 1687 oder
2198 1661 2233 1697 zu
2256 1653 2364 1686 andern
2385 1651 2482 1687 weltli⸗

1705 1698 1773 1740 chen
1783 1695 1902 1742 Nutzen
1917 1698 2111 1739 angewendet
2125 1699 2243 1733 werden
2259 1696 2376 1740 moͤchte.
2397 1696 2482 1733 Was

1704 1742 1776 1779 aber
1791 1742 1836 1777 die
1853 1744 1946 1778 leeren
1960 1741 2083 1787 Kloͤſter
2096 1745 2158 1779 und
2181 1741 2321 1786 derſelben
2338 1739 2482 1784 Einkuͤnf⸗

1702 1794 1729 1823 te
1744 1787 1879 1831 belange,
1887 1786 2015 1823 koͤnnten
2025 1786 2128 1832 ſelbige
2141 1794 2203 1823 von
2219 1784 2328 1831 einigen
2336 1793 2393 1821 von
2402 1786 2482 1829 Kay⸗

1702 1836 1766 1879 ſerl.
1782 1833 1913 1877 Majeſt.
1929 1835 2106 1878 geordneten
2122 1832 2309 1879 Sequeſtern
2325 1832 2371 1868 bis
2386 1831 2439 1871 auf
2439 1831 2481 1869 er⸗

1704 1877 1831 1912 meldtes
1847 1875 2023 1913 Concilium
2049 1877 2106 1913 mit
2129 1876 2202 1912 aller
2216 1877 2313 1913 Treue
2326 1879 2386 1912 und
2401 1875 2480 1918 Fleiß

1703 1924 1917 1967 adminiſtriret
1931 1926 2061 1968 werden,
2079 1925 2180 1968 jedoch
2195 1924 2253 1960 mit
2260 1923 2483 1968 Vorbehalt
2434 1918 2486 1959 des

1704 1969 1796 2002 denen
1813 1965 2012 2011 Churfuͤrſten
2028 1969 2090 2003 und
2099 1969 2212 2003 andern
2221 1966 2390 2004 Collatoren
2403 1963 2487 2010 zuſte⸗

1704 2013 1817 2056 henden
1837 2010 1937 2053 Juris
1952 2011 2161 2053 Patronatus.
2208 2011 2327 2057 Naͤchſt
2341 2014 2406 2049 dem
2425 2007 2486 2045 waͤ⸗

1705 2069 1756 2095 ren
1778 2057 1940 2103 diejenigen
1966 2058 2139 2103 Perſonen,
2168 2057 2273 2102 welche
2294 2059 2373 2103 ihren
2388 2058 2488 2095 Orden

1705 2106 1766 2150 und
1784 2104 1957 2149 Profeßion
1972 2105 2126 2150 verlaſſen,
2147 2105 2178 2141 in
2194 2105 2315 2145 vorigen
2331 2104 2442 2142 Stand
2457 2112 2488 2145 zu

1706 2147 1808 2192 ſetzen,
1837 2151 1899 2183 und
1921 2146 2024 2192 ſelbige
2046 2147 2094 2183 bis
2117 2146 2176 2191 auf
2192 2148 2237 2183 ein
2253 2142 2424 2184 Concilium
2438 2145 2491 2181 mit

1707 2190 1942 2235 nothduͤrftigem
1950 2191 2107 2233 Unterhalt
2115 2200 2148 2235 zu
2158 2189 2301 2234 verſehen.
2346 2189 2407 2226 Da
2421 2185 2491 2229 auch

1705 2237 1751 2272 ein
1766 2236 1823 2271 mit
1838 2237 1931 2279 ſeinen
1949 2236 2100 2274 Bruͤdern
2116 2242 2175 2270 aus
2192 2238 2248 2270 dem
2261 2229 2367 2280 Kloſter
2393 2233 2492 2280 geſtoſ⸗

1705 2281 1785 2323 ſener
1804 2283 1865 2316 und
1884 2281 1934 2317 ins
1950 2281 2051 2319 Elend
2071 2281 2217 2323 verjagter
2239 2279 2304 2317 Abt
2324 2284 2395 2317 oder
2410 2278 2491 2323 Praͤ⸗

1707 2330 1749 2365 lat
1776 2330 1822 2365 die
1845 2328 2031 2373 Reſtitution
2061 2328 2110 2363 ins
2133 2326 2253 2370 Kloſter
2278 2327 2429 2370 verlange,
2449 2324 2493 2369 ſey

1708 2370 1815 2415 ſolches
1832 2379 1914 2415 zwar
1930 2380 1965 2415 zu
1981 2369 2235 2416 bewerkſtelligen,
2264 2370 2361 2408 damit
2375 2381 2405 2407 er
2420 2369 2495 2414 ſonſt

2442 2418 2497 2451 den
