2718 2747
808 364 974 407 Tyranney
991 369 1045 400 des
1063 365 1184 402 Tuͤrken
1193 374 1283 407 gegen
1299 369 1350 402 der
1358 364 1465 403 Krone
1477 375 1512 410 zu
1520 366 1610 409 Hun⸗

808 416 900 450 garn,
922 413 983 445 und
1005 410 1163 453 ſonderlich
1185 404 1299 447 dieweil
1323 419 1398 445 man
1414 410 1513 455 naͤchſt
1526 413 1611 456 kuͤnf⸗

808 454 891 497 tigen
908 454 1059 498 Fruͤhling
1073 455 1156 490 eines
1178 457 1298 492 weitern
1315 455 1485 500 ernſtlichen
1503 458 1611 494 Ueber⸗

807 503 886 541 zugs
902 508 962 534 von
979 504 1036 535 den
1051 500 1171 537 Tuͤrken
1186 509 1222 543 zu
1242 507 1395 543 gewarten
1411 500 1466 544 iſt,
1488 500 1553 537 eine
1563 509 1610 544 ge⸗

807 547 907 582 meine
922 546 1165 590 Verſammlung
1187 550 1238 584 der
1261 547 1480 592 Reichsſtaͤnde
1506 558 1541 593 zu
1562 548 1611 584 be⸗

809 591 968 629 ſchreiben.

858 642 889 672 4.
914 635 982 668 Und
996 634 1056 678 alſo
1071 633 1185 670 dieweil
1199 638 1250 671 der
1265 634 1441 679 Buchſtabe
1451 634 1610 678 obberuͤhr⸗

807 684 857 716 tes
870 678 1002 715 Artikels
1012 684 1062 715 der
1078 679 1234 721 Ordnung
1245 686 1392 722 vermag,
1414 682 1522 716 andere
1529 680 1609 724 Fuͤr⸗

808 724 872 761 ſten
890 728 951 760 und
960 725 1091 762 Staͤnde
1105 728 1158 761 des
1168 727 1295 767 Reichs,
1317 725 1374 765 auf
1385 726 1529 768 Montag
1538 725 1611 768 nach

811 771 882 804 dem
901 767 1056 811 Sonntag
1074 765 1175 803 Laͤtare
1190 769 1220 804 in
1237 772 1287 804 der
1300 769 1410 813 Faſten
1427 769 1525 814 naͤchſt
1533 770 1612 806 kom⸗

808 815 919 854 mend,
935 822 991 855 gen
1006 812 1206 858 Regenſpurg
1225 813 1255 849 in
1278 814 1384 858 eignen
1407 815 1560 859 Perſonen
1577 824 1611 859 zu

808 853 994 898 erſcheinen,
1016 855 1150 899 ernſtlich
1168 866 1203 899 zu
1227 855 1377 898 erfordern
1407 856 1542 902 einhellig
1564 856 1611 893 be⸗

809 900 952 945 ſchloſſen.
999 901 1117 945 Jedoch
1133 912 1179 937 wo
1203 902 1248 946 ihr
1264 903 1344 938 einer
1366 906 1434 938 oder
1449 904 1533 947 mehr
1549 905 1609 946 ehe⸗

809 943 908 987 hafter
923 943 1066 988 Geſchaͤft
1082 945 1187 987 halben
1204 945 1281 986 nicht
1305 944 1465 990 erſcheinen
1485 945 1609 988 moͤchte,

808 993 874 1029 daß
892 994 927 1032 ſie
943 993 1040 1031 nichts
1061 992 1272 1035 deſtoweniger
1286 994 1347 1038 ihre
1366 993 1531 1038 Botſchaft
1553 996 1609 1031 mit

809 1035 936 1078 voͤlliger
955 1036 1083 1072 Gewalt
1105 1037 1180 1079 ohne
1195 1036 1288 1079 hinter
1305 1038 1359 1081 ſich
1376 1036 1520 1081 bringen,
1541 1039 1610 1072 end⸗

809 1077 866 1119 lich
882 1071 916 1120 zu
933 1077 1121 1120 beſchlieſſen,
1146 1078 1235 1122 dahin
1250 1083 1415 1114 verordnen
1430 1078 1529 1123 ſollen,
1550 1088 1609 1115 von

808 1125 916 1166 ſolcher
932 1126 1130 1167 beharrlichen
1138 1125 1253 1171 Huͤlfe,
1275 1129 1337 1161 und
1350 1134 1418 1161 was
1433 1137 1467 1172 zu
1484 1128 1610 1165 Wider⸗

809 1168 898 1212 ſtand
912 1173 981 1205 dem
994 1170 1115 1207 Tuͤrken
1144 1173 1205 1206 und
1227 1170 1373 1214 derſelben
1396 1170 1528 1215 Anhang
1550 1172 1609 1206 die⸗

810 1222 870 1248 nen
879 1222 968 1255 mag,
977 1214 1050 1253 auch
1060 1213 1089 1248 in
1098 1217 1212 1250 andern
1229 1215 1452 1260 nothduͤrftigen
1463 1216 1609 1260 Sachen,

810 1257 842 1296 ſo
858 1259 903 1301 hie
918 1267 977 1293 von
993 1259 1150 1302 Eßlingen
1167 1259 1227 1301 auf
1243 1259 1363 1304 dieſelbe
1378 1260 1509 1302 gemeine
1526 1261 1609 1298 Ver⸗

807 1302 985 1345 ſammlung
1007 1302 1161 1346 geſchoben
1186 1303 1291 1348 ſeynd,
1347 1312 1383 1347 zu
1407 1303 1607 1348 rathſchlagen

808 1349 873 1383 und
889 1357 924 1387 zu
934 1349 1082 1391 ſchlieſſen.

857 1401 882 1433 5.
907 1394 975 1426 Und
994 1393 1136 1432 nachdem
1152 1393 1356 1437 Kayſerlicher
1376 1393 1532 1439 Majeſtaͤt
1547 1397 1609 1431 und

806 1435 879 1471 dem
895 1434 1019 1478 heiligen
1042 1435 1161 1472 Reich,
1183 1436 1256 1476 auch
1271 1444 1379 1480 ganzer
1396 1434 1607 1481 Chriſtenheit,

806 1483 872 1517 und
897 1482 1055 1524 ſonderlich
1076 1482 1243 1525 Deutſcher
1275 1483 1397 1520 Nation
1427 1492 1466 1518 an
1499 1484 1608 1527 ſolchen

806 1529 871 1560 und
889 1528 1003 1560 andern
1026 1525 1258 1568 beſchwerlichen
1283 1527 1413 1568 Sachen
1434 1529 1496 1563 und
1518 1528 1607 1571 Haͤn⸗

805 1570 874 1604 deln
906 1571 1041 1612 merklich
1058 1572 1119 1605 und
1135 1569 1205 1613 hoch
1220 1571 1362 1613 gelegen,
1379 1570 1429 1613 ſoll
1437 1571 1513 1615 ihrer
1527 1573 1607 1610 Ma⸗

805 1612 893 1653 jeſtaͤt
909 1614 996 1655 ſolche
1012 1620 1264 1655 vorgenommene
1286 1614 1528 1658 Verſammlung
1544 1618 1606 1650 und

806 1660 917 1701 Urſach
939 1661 1085 1702 derſelben
1105 1661 1136 1695 in
1161 1661 1323 1704 Schriften
1346 1662 1436 1703 durch
1451 1662 1514 1697 eine
1533 1660 1607 1711 Poſt

807 1699 977 1744 angezeiget
995 1705 1126 1741 werden,
1149 1704 1205 1739 mit
1227 1708 1294 1739 dem
1310 1704 1454 1746 Anhang,
1476 1705 1536 1747 daß
1547 1706 1605 1740 wir

805 1748 1005 1790 Statthalter
1015 1751 1077 1784 und
1099 1748 1278 1792 Regiment,
1300 1749 1499 1795 Churfuͤrſten,
1507 1751 1604 1795 Fuͤr⸗

804 1790 867 1834 ſten
884 1795 944 1828 und
960 1792 1105 1837 derſelben
1123 1792 1322 1834 Botſchaſten
1339 1793 1433 1831 nichts
1444 1793 1549 1829 liebers
1560 1794 1604 1831 be⸗

805 1838 931 1881 gehren,
952 1842 1034 1875 dann
1044 1840 1102 1881 daß
1117 1840 1181 1880 ihro
1191 1840 1364 1885 Majeſtaͤt,
1386 1840 1413 1884 ſo
1430 1847 1462 1876 es
1478 1843 1606 1885 moͤglich

806 1870 900 1921 waͤre,
924 1878 982 1921 auf
988 1879 1092 1922 ſolcher
1108 1878 1351 1923 Verſammlung
1366 1881 1396 1913 in
1413 1880 1511 1922 eigner
1527 1884 1605 1924 Per⸗

806 1924 856 1967 ſon
885 1926 1064 1968 erſcheinen,
1094 1924 1126 1959 in
1151 1928 1385 1969 Betrachtung,
1416 1928 1475 1972 daß
1497 1927 1603 1969 ſolches

806 1979 916 2013 ganzer
939 1973 1157 2015 Chriſtenheit,
1193 1978 1260 2009 dem
1280 1965 1463 2018 Roͤmiſchen
1487 1976 1603 2016 Reich,

806 2017 868 2050 und
883 2017 1038 2059 ſonderlich
1054 2010 1219 2060 Deutſcher
1234 2018 1355 2054 Nation
1365 2026 1396 2059 zu
1413 2017 1469 2052 viel
1485 2019 1605 2054 Gutem

806 2057 973 2100 gereichen,
997 2063 1058 2094 und
1068 2061 1097 2094 in
1107 2063 1157 2094 der
1166 2051 1365 2104 ſchwerlichen
1371 2061 1525 2105 ſorglichen
1534 2061 1604 2106 Laſt,

806 2103 915 2139 darinn
940 2105 1088 2146 Deutſche
1112 2105 1233 2142 Nation
1255 2106 1368 2150 jetzund
1389 2105 1493 2150 ſtehet,
1528 2107 1605 2149 nicht

805 2146 852 2183 ein
868 2147 1003 2191 geringer
1017 2149 1107 2186 Troſt
1130 2150 1195 2187 ſeyn
1221 2150 1334 2184 wuͤrde.

852 2199 884 2229 6.
909 2197 1041 2232 Dieweil
1058 2196 1128 2232 aber
1144 2198 1189 2231 die
1205 2197 1272 2241 Zeit
1290 2202 1386 2231 etwas
1403 2205 1437 2239 zu
1454 2195 1538 2240 kurz,
1561 2198 1604 2231 al⸗

806 2232 852 2278 ſo,
881 2237 941 2278 daß
962 2237 1023 2271 ihre
1044 2236 1199 2282 Majeſtaͤt
1222 2240 1415 2281 vermuthlich
1438 2241 1515 2277 nicht
1544 2242 1603 2273 wol

804 2281 920 2323 darauf
942 2283 1119 2326 erſcheinen,
1171 2285 1231 2325 daß
1257 2287 1386 2326 dennoch
1408 2286 1503 2326 nichts
1525 2287 1603 2328 deſto

803 2330 934 2373 weniger
951 2332 1009 2374 ihre
1020 2331 1172 2376 Majeſtaͤt
1189 2335 1241 2376 ſich
1259 2333 1425 2375 Deutſcher
1436 2332 1559 2370 Nation
1569 2342 1604 2376 zu

803 2365 896 2416 Troſt
912 2376 972 2408 und
987 2371 1083 2417 Huͤlfe
1098 2381 1164 2417 zum
1182 2374 1397 2417 foͤrderlichſten
1413 2374 1524 2410 heraus
1540 2382 1604 2409 ver⸗

804 2419 913 2468 fuͤgen,
945 2426 1012 2460 dem
1035 2424 1160 2471 heiligen
1183 2426 1298 2471 Reich,
1327 2427 1486 2473 ſonderlich
1500 2427 1605 2465 Deut⸗

1638 371 1713 414 ſcher
1734 371 1859 409 Nation
1881 374 1942 407 und
1965 374 2035 407 dem
2060 374 2173 407 andern
2196 372 2289 415 hohen
2313 375 2374 409 und
2390 373 2437 407 be⸗

1638 416 1838 461 ſchwerlichen
1861 418 2010 461 Obliegen
2043 424 2106 456 und
2136 419 2344 463 Nothduͤrften
2367 420 2437 463 heil⸗

1637 461 1755 504 ſamlich
1768 465 1831 498 und
1845 461 1959 506 gnaͤdig
1977 463 2075 507 Rath,
2098 463 2193 508 Huͤlfe
2209 467 2271 500 und
2286 458 2436 506 Einſehen

1635 507 1722 550 thue,
1743 508 1842 545 damit
1851 508 1899 545 die
1910 508 2062 551 Deutſche
2068 510 2203 551 Nation,
2224 512 2286 543 und
2293 512 2339 548 die
2348 512 2436 548 Glie⸗

1635 548 1686 589 der
1702 552 1848 596 derſelben
1864 554 1895 589 in
1903 553 1951 588 ein
1960 552 2100 597 friedlich,
2108 554 2188 598 einig
2204 553 2314 597 Weſen
2325 554 2436 598 geſtellt

1635 599 1753 633 werden
1771 596 1872 640 moͤge.
1915 597 1986 641 Auf
1997 600 2105 639 ſolchen
2114 598 2184 642 Tag
2199 598 2269 639 wir,
2289 602 2340 634 der
2349 598 2436 642 obge⸗

1634 646 1746 678 nannte
1760 635 1943 690 Statthalter
1951 643 2012 678 und
2022 641 2189 686 Regiment
2197 640 2355 686 erſcheinen
2364 643 2437 679 wol⸗

1635 686 1691 720 len.

1680 743 1712 774 7.
1734 729 1874 775 Weiter,
1878 724 1931 772 der
1944 729 2072 772 eilenden
2092 730 2186 775 Huͤlfe
2200 729 2319 775 halber,
2340 732 2377 777 iſt
2386 732 2436 777 fuͤr

1635 779 1690 817 gut
1711 777 1893 819 angeſehen,
1934 777 1997 820 daß
2019 778 2065 813 die
2086 777 2266 821 anſtoſſende
2292 778 2435 822 Fuͤrſten,

1634 819 1843 864 Herrſcharten
1858 822 1922 856 und
1939 819 2050 856 Laͤnder
2050 819 2097 856 ꝛc.
2119 824 2206 857 deren
2215 821 2279 861 Ort
2294 826 2345 859 der
2353 823 2435 860 Tuͤr⸗

1634 864 1665 900 ke
1680 857 1822 908 einfallen
1838 863 1971 908 moͤchte,
1995 865 2052 902 mit
2068 866 2249 909 Verſehung
2265 867 2318 903 der
2335 866 2432 910 Paͤß,

1635 909 1697 943 und
1706 911 1818 943 anders
1827 908 1992 951 ermahnet,
2014 911 2076 944 und
2085 910 2300 954 herwiederum
2309 909 2366 954 auf
2370 910 2434 946 eine

1633 954 1794 998 nehmliche
1815 955 1884 1000 Zeit
1900 957 1978 992 einer
1994 955 2174 1002 Gegenhuͤlf
2184 956 2338 1002 vertroͤſtet
2352 957 2433 994 wuͤr⸗

1636 1002 1703 1035 den.

1680 1047 1710 1079 8.
1729 1043 1799 1076 Und
1807 1043 1949 1083 nachdem
1959 1043 2151 1086 Oeſterreich,
2161 1043 2313 1086 Sachſen,
2322 1043 2435 1079 Bran⸗

1633 1086 1770 1131 denburg
1793 1093 1857 1125 und
1879 1089 2035 1133 Baͤyern,
2076 1089 2122 1125 die
2143 1089 2321 1133 anſtoſſende
2344 1090 2433 1126 Land⸗

1634 1130 1759 1175 ſchaften
1773 1131 1895 1174 geacht,
1916 1134 1977 1168 und
1985 1134 2068 1168 dann
2089 1134 2235 1177 derſelben
2249 1132 2378 1176 Fuͤrſten
2393 1134 2435 1170 ei⸗

1635 1183 1689 1212 nes
1696 1177 1803 1220 Theils
1811 1177 1841 1212 in
1851 1176 1966 1219 eigener
1976 1173 2136 1222 Perſon,
2120 1172 2168 1216 und
2177 1178 2221 1213 die
2228 1181 2336 1215 andere
2346 1179 2434 1216 Bot⸗

1634 1220 1759 1264 ſchaften
1782 1221 1895 1264 haben,
1925 1222 1961 1265 iſt
1978 1223 2035 1258 mit
2055 1223 2206 1266 denſelben
2225 1221 2353 1265 Fuͤrſten
2368 1226 2432 1259 und

1634 1267 1835 1312 Botſchaften
1856 1270 1923 1312 jetzo
1945 1267 2021 1311 alhie
2044 1269 2221 1312 gehandelt,
2242 1270 2302 1311 daß
2317 1271 2371 1312 ſich
2385 1270 2434 1306 die

1634 1311 1762 1356 Fuͤrſten
1780 1315 1843 1348 und
1858 1315 1909 1348 der
1931 1311 2129 1355 Botſchaften
2145 1311 2317 1356 Herrſchaft
2330 1316 2360 1350 in
2368 1314 2434 1349 Ge⸗

1634 1347 1769 1402 genwehr
1777 1352 1919 1401 ſchicken,
1939 1355 2037 1393 damit
2052 1358 2099 1393 ein
2120 1358 2209 1401 Theil
2230 1360 2299 1394 dem
2316 1362 2433 1394 andern

1637 1410 1668 1444 zu
1685 1400 1825 1444 Rettung
1841 1403 1904 1436 und
1917 1399 2014 1446 Huͤlfe
2027 1401 2182 1440 kommen,
2210 1403 2273 1437 und
2293 1401 2432 1446 erſchieß⸗

1634 1449 1687 1480 lich
1702 1448 1769 1480 ſeyn
1791 1447 1916 1480 moͤchte.

1678 1493 1708 1524 9.
1731 1486 1800 1519 Und
1821 1484 1938 1520 wiewol
1958 1486 2009 1523 der
2031 1485 2150 1528 Tuͤrke,
2188 1484 2263 1527 nach
2283 1482 2431 1522 eroberter

1633 1534 1846 1581 Hungeriſcher
1866 1531 2004 1581 Schlacht
2020 1536 2118 1580 anheim
2138 1537 2209 1576 (als
2220 1536 2317 1580 geſagt
2330 1537 2431 1581 wird,)

1634 1585 1779 1622 gezogen,
1808 1582 1866 1617 das
1882 1580 1953 1624 doch
1969 1581 2048 1623 nicht
2063 1580 2179 1625 gewiß,
2205 1583 2268 1617 und
2286 1591 2321 1625 zu
2337 1581 2432 1624 beſor⸗

1634 1633 1689 1666 gen
1706 1624 1758 1667 iſt,
1784 1626 1844 1667 daß
1868 1634 1899 1660 er
1923 1625 2029 1667 ſolches
2044 1636 2079 1669 zu
2096 1626 2202 1666 ſeinem
2222 1625 2366 1669 Vortheil
2382 1634 2434 1669 ge⸗

1633 1669 1723 1713 than,
1744 1670 1776 1705 in
1788 1670 1919 1710 willens,
1936 1670 1994 1714 auf
2004 1670 2157 1713 kuͤnftigen
2172 1670 2322 1713 Fruͤhling
2341 1670 2433 1714 Hun⸗

1634 1718 1709 1752 garn
1719 1712 1788 1745 oder
1803 1713 1911 1747 andere
1931 1711 2040 1750 Oerter
2054 1711 2220 1756 Deutſcher
2229 1707 2351 1750 Nation
2362 1712 2432 1748 wie⸗

1632 1759 1739 1792 derum
1752 1767 1786 1800 zu
1802 1755 1986 1800 uͤberfallen,
2008 1759 2071 1793 und
2085 1757 2159 1798 ſeine
2180 1758 2306 1795 Gewalt
2327 1758 2431 1794 weiter

1634 1811 1666 1843 zu
1681 1802 1811 1845 ſtrecken.
1860 1802 1979 1840 Damit
1995 1806 2072 1838 denn
2086 1801 2131 1838 die
2153 1802 2333 1846 anſtoſſende
2348 1803 2429 1846 Fuͤr⸗

1633 1845 1711 1889 ſten,
1734 1847 1812 1883 Land
1825 1850 1887 1882 und
1901 1846 2134 1892 Herrſchaften,
2156 1847 2214 1883 mit
2227 1851 2279 1884 der
2294 1848 2428 1884 eilenden

1633 1889 1728 1935 Huͤlfe
1749 1892 1826 1932 nicht
1849 1890 1992 1936 verlaſſen
2011 1895 2081 1928 oder
2093 1891 2227 1936 verkuͤrzt
2242 1893 2379 1928 werden:
2399 1892 2429 1935 ſo

1632 1934 1667 1973 iſt
1675 1935 1938 1980 gemeinſchaftlich
1947 1935 1996 1979 fuͤr
2004 1942 2057 1979 gut
2065 1934 2212 1978 befunden
2228 1937 2289 1972 und
2298 1937 2430 1981 beſchloſ⸗

1638 1979 1677 2013 ſen,
1718 1980 1779 2024 daß
1793 1981 1838 2016 die
1855 1980 1965 2016 eilende
1979 1980 2075 2025 Huͤlfe
2090 1983 2140 2016 der
2155 1990 2266 2024 zweyer
2275 1980 2428 2023 Viertheil

1631 2024 1688 2069 auf
1698 2025 1986 2071 juͤngſtgehaltenem
1995 2028 2164 2070 Reichstag
2172 2036 2207 2070 zu
2222 2026 2367 2070 Speyer,
2375 2030 2428 2063 der

1631 2069 1721 2107 Kron
1741 2080 1776 2114 zu
1796 2069 1970 2113 Hungarn,
1998 2074 2062 2107 und
2082 2072 2209 2109 andern,
2239 2079 2331 2112 gegen
2355 2073 2427 2107 dem

1631 2114 1752 2153 Tuͤrken
1768 2114 1945 2156 bewilliget,
1964 2115 2133 2157 nachmals,
2154 2121 2223 2151 was
2238 2114 2316 2158 nicht
2324 2116 2427 2158 erlegt,

1632 2159 1785 2203 gewißlich
1802 2164 1859 2205 ohn
1877 2161 1953 2196 allen
1970 2161 2097 2204 Verzug
2117 2161 2208 2199 erlegt
2223 2166 2331 2197 werde:
2354 2165 2426 2199 Und

1631 2204 1693 2246 daß
1708 2205 1782 2244 wir,
1809 2207 1861 2240 der
1874 2203 2069 2249 Statthalter
2088 2207 2150 2241 und
2169 2204 2336 2248 Regiment
2360 2208 2428 2240 des⸗

1632 2248 1738 2292 halben
1755 2249 1812 2283 mit
1827 2249 2009 2293 ernſtlichem
2024 2249 2113 2293 Fleiß
2127 2249 2275 2292 aufſehen,
2298 2251 2359 2292 daß
2374 2249 2427 2294 ſol⸗

1632 2296 1697 2335 ches
1705 2295 1762 2337 alſo
1772 2295 1911 2340 geſchehe,
1920 2298 1971 2331 der
1979 2297 2165 2340 Kaͤyſerliche
2173 2295 2269 2338 Fiſcal
2278 2295 2351 2338 auch
2359 2300 2427 2332 dar⸗

1630 2335 1689 2378 auf
1697 2346 1731 2381 zu
1747 2338 1918 2378 procediren
1940 2338 2116 2380 angehalten
2135 2341 2244 2374 werde.
2270 2340 2340 2376 Und
2354 2346 2424 2376 was

1630 2381 1689 2425 alſo
1704 2382 1806 2426 erlegt,
1829 2383 1890 2427 daß
1904 2381 2063 2428 daſſelbige
2069 2382 2124 2427 bey
2138 2386 2194 2420 den
2207 2382 2271 2419 vier
2285 2387 2426 2428 geordne⸗

1629 2433 1678 2466 ten
1691 2427 1835 2467 Staͤdten
1849 2428 1984 2473 behalten
1997 2433 2060 2467 und
2072 2439 2114 2466 an
2129 2428 2229 2466 keinen
2237 2431 2350 2468 andern
2362 2431 2425 2470 Ort
