2133 2983
640 391 815 457 Mund,
815 391 994 457 Munſt.

1342 419 1405 483 83

252 466 455 507 Hallermund
469 474 540 508 (eine
555 476 709 511 Grafſchaft
719 483 757 505 im
772 484 1018 513 Hannoͤveriſchen)
1038 509 1192 532 comitatus
1207 501 1391 547 Hallermun-

291 511 392 544 denſis.

214 543 370 577 **Munde
386 544 450 577 (die)
458 548 615 591 orificium.

290 587 497 621 Uckermunde
510 591 578 624 (eine
587 589 684 636 Stadt
690 607 718 633 in
725 600 896 646 Pommern)
910 604 1131 646 Uckermunda.

216 614 382 650 **Muͤnde,
394 622 483 646 idem.

291 660 525 699 Tangermuͤnde
538 664 609 700 (eine
617 669 713 699 Stadt
721 676 750 699 in
757 678 802 699 der
813 679 889 716 alten
904 680 1006 722 Marck
1021 683 1238 725 Brandenburg)
1253 691 1390 739 Tanger-

333 703 450 735 munda.

290 745 523 779 Warnemuͤnde
539 747 593 787 (ein
606 749 699 788 Hafen
713 753 752 781 im
764 753 980 790 Mecklenburg)
997 762 1232 810 Warnemunda,
1244 768 1393 817 orificium

332 777 417 807 fluvii
424 781 536 810 Varnæ.

256 806 427 844 Muͤndlein
441 818 510 848 (das,
518 820 632 849 dimin.)
645 825 785 864 oſculum.

250 846 397 889 Muͤndig
412 854 495 889 (adj.)
503 864 555 881 ore
562 865 710 890 præditus,
725 874 825 903 tutore
832 885 892 903 non
904 894 1001 916 egens,
1019 896 1120 926 puber.

290 890 369 925 Sein
377 888 468 930 Sohn
478 895 508 931 iſt
515 897 637 933 muͤndig,
651 903 728 925 filius
735 909 797 938 ejus
810 912 842 944 in
849 915 927 950 ſuam
935 921 1104 961 poteſtatem
1118 928 1205 967 venit.

289 927 482 969 Unmuͤndig,
496 936 574 970 quod
583 938 666 969 loqui
673 946 734 961 non
742 947 850 983 poteſt,
865 952 1011 994 impuber,
1027 966 1162 1001 pupillus.

330 971 387 1003 Ein
394 971 577 1008 unmuͤndiges
584 973 669 1009 Kind,
685 977 795 1020 infans;
814 987 864 1004 das
873 992 1040 1032 unmuͤndige
1047 1008 1137 1038 Alter,
1143 1014 1218 1048 ætas
1223 1016 1351 1050 tenella;
1363 1014 1392 1047 in

329 1009 516 1048 unmuͤndigen
523 1010 644 1051 Jahren,
658 1017 690 1043 in
699 1022 781 1042 annis
790 1027 992 1052 pupillaribus.

288 1039 492 1078 Muͤndigkeit
507 1047 574 1089 (die)
588 1055 734 1080 pubertas.

331 1083 573 1126 Unmuͤndigkeit,
589 1103 745 1134 pupillares
755 1115 832 1138 anni.

252 1113 417 1151 Muͤndiſch
431 1129 517 1160 (adj.)
532 1141 621 1168 annos
638 1148 788 1177 pupillares
805 1150 942 1193 ſuperans.

251 1157 419 1195 Muͤndlich
437 1166 512 1202 (adj.)
526 1173 671 1212 oretenus,
689 1193 798 1219 corain,
810 1197 943 1224 præſens.

290 1194 432 1232 Muͤndlich
446 1215 497 1240 von
509 1217 570 1244 was
580 1220 753 1249 miteinander
764 1229 849 1262 reden,
874 1232 906 1260 de
915 1240 947 1263 re
961 1236 1054 1270 aliqua
1073 1246 1168 1268 coram
1184 1242 1263 1274 inter
1276 1239 1302 1275 ſe
1323 1246 1390 1278 con-

291 1237 383 1277 ferre;
402 1247 487 1276 einem
510 1254 638 1289 muͤndlich
658 1256 833 1294 verſprechen,
847 1275 903 1298 und
919 1268 941 1302 ſo
962 1275 1032 1306 denn
1045 1280 1094 1303 den
1112 1278 1290 1316 Abweſenden
1303 1282 1393 1316 ſchrei⸗

283 1278 349 1316 ben,
360 1284 457 1314 coram
469 1287 561 1321 alicui
569 1297 738 1333 promittere
763 1302 786 1335 &
797 1302 904 1337 abſenti
923 1309 1062 1345 ſcribere;
1082 1317 1146 1341 aber
1164 1323 1214 1348 von
1226 1322 1297 1352 dieſen
1315 1323 1390 1356 Din⸗

284 1326 339 1352 gen
352 1329 407 1345 und
415 1329 478 1354 auch
491 1332 551 1362 noch
561 1337 717 1368 wichtigern
734 1342 857 1376 muͤndlich
873 1349 914 1377 ein
929 1347 1037 1384 mehres,
1059 1348 1101 1383 ſed
1118 1354 1175 1383 hæc
1186 1357 1212 1385 &
1217 1357 1271 1383 alia
1285 1371 1386 1395 majora

288 1366 399 1395 coram;
422 1365 458 1391 ich
469 1368 525 1394 will
532 1379 564 1397 es
569 1377 699 1408 muͤndlich
711 1383 848 1414 berichten,
865 1392 979 1415 præſens
994 1393 1021 1418 ei
1043 1391 1147 1417 dicam;
1167 1394 1192 1423 ſie
1211 1399 1284 1431 reden
1297 1403 1389 1432 muͤnd⸗

283 1394 332 1423 lich
342 1403 531 1438 miteinander,
546 1413 564 1434 a
571 1419 758 1444 præſentibus
767 1426 859 1446 coram
865 1423 961 1453 ſermo
978 1436 1111 1463 habetur.

250 1429 428 1478 Gemuͤndet
436 1433 501 1483 (ich
513 1433 588 1482 habe)
602 1448 678 1484 præſ.
692 1452 738 1480 ich
747 1454 869 1482 muͤnde,
885 1460 1033 1495 orificium
1037 1468 1166 1506 appono.

287 1469 438 1508 Muͤnden
454 1476 525 1521 (das,
539 1479 636 1517 infin.)
649 1490 809 1523 orificium.

327 1512 361 1544 2]
378 1519 436 1546 eine
444 1515 538 1553 Stadt
549 1524 583 1556 im
593 1527 839 1575 Hannoͤveriſchen)
855 1533 972 1577 Munda.

286 1552 463 1587 Muͤndung
474 1560 547 1595 (die)
560 1565 720 1607 orificium,
729 1575 780 1606 os.

322 1585 380 1621 Die
390 1594 551 1634 Muͤndung
558 1607 632 1636 eines
641 1611 772 1641 Stuͤckes,
778 1622 919 1644 tormenti
935 1621 1093 1648 orificium.

217 1616 343 1665 †Mund
358 1624 488 1675 (antiqua
495 1643 565 1669 vox,
580 1646 634 1676 pro
641 1644 736 1675 Hilffe,
743 1646 857 1677 Schutz,
867 1651 931 1685 vid.
941 1655 1018 1691 gloſſ.
1033 1659 1123 1698 germ.
1142 1654 1272 1697 Schilteri
1284 1665 1312 1704 p.
1326 1660 1389 1703 603.

249 1658 319 1695 clar.
326 1664 493 1703 Wachterus
500 1674 617 1707 adhibet
629 1685 686 1720 pro
695 1682 800 1728 Mann,
805 1688 883 1732 quaſi
890 1689 966 1729 dicas
971 1692 1135 1735 Vormund,
1135 1706 1223 1739 einen
1225 1700 1390 1742 Vormann,

250 1701 354 1738 vid.ej.
367 1703 444 1739 gloſſ.
452 1711 542 1746 germ.
556 1719 578 1753 p.
591 1721 664 1755 320.)

256 1735 421 1777 Vormund
435 1748 504 1782 (der)
516 1751 606 1797 tutor,
622 1762 749 1791 curator.

289 1774 375 1809 Eines
388 1783 486 1818 andern
502 1793 653 1819 Vormund
659 1796 738 1833 ſeyn,
759 1797 814 1833 eſſe
828 1804 959 1841 tutorem
972 1803 1075 1851 alicui;
1109 1809 1160 1844 den
1172 1808 1296 1851 Kindern
1310 1833 1388 1853 einen

287 1812 437 1851 Vormund
445 1823 529 1858 ſetzen,
545 1829 688 1866 deſtinare
703 1837 803 1868 liberis
815 1846 965 1880 tutorem;
982 1850 1013 1877 es
1023 1856 1127 1883 werden
1146 1852 1220 1888 meiſt
1231 1864 1309 1899 zwey
1318 1860 1389 1896 Vor⸗

284 1851 382 1896 muͤnde
389 1861 505 1901 geſetzt,
502 1865 561 1888 duo
575 1870 748 1899 plerumque
763 1880 977 1913 conſtituuntur
992 1894 1118 1923 tutores;
1134 1899 1219 1928 einem
1228 1896 1311 1929 einen
1317 1897 1392 1936 Vor⸗

283 1903 374 1933 mund
386 1896 574 1942 hinterlaſſen,
594 1911 762 1941 relinquere
775 1917 864 1934 alicui
886 1925 1036 1957 tutorem;
1067 1931 1146 1961 einen
1160 1929 1316 1971 Gelehrten
1325 1937 1393 1978 zum

284 1933 451 1970 Vormunde
458 1939 552 1974 haben,
558 1946 587 1979 in
603 1950 694 1982 tutela
701 1951 811 1984 literati
822 1958 878 1992 eſſe.

283 1970 525 2016 Mitvormund,
541 1988 687 2013 contutor.

280 2006 548 2057 Vormundſchaft
567 2024 635 2056 (die)
649 2027 749 2066 tutela.

324 2047 374 2084 Jn
383 2052 457 2084 eines
465 2052 694 2092 Vormundſchaft
701 2067 772 2106 ſeyn,
786 2068 843 2109 eſſe
855 2069 886 2112 in
892 2078 983 2114 tutela
991 2076 1122 2119 alicujus.

284 2072 600 2134 Vormundſchaftlich
618 2101 702 2143 (adj.)
714 2110 859 2146 tutelaris,
869 2122 1008 2155 tutorius.

249 2116 377 2160 Muͤndig
384 2128 473 2171 (adj.)
481 2137 552 2176 vide
571 2137 661 2183 ſupra
661 2144 773 2180 Mund.

209 2152 363 2194 Muͤnnich,
372 2162 430 2187 vid.
435 2169 590 2216 Moͤnnich,
605 2177 706 2217 Monn
714 2185 762 2218 vel
767 2182 889 2225 Monch.

206 2196 422 2265 Muͤnſter
435 2230 507 2263 (das,
517 2241 530 2265 a
542 2228 629 2268 latina
640 2239 727 2278 voce)
739 2240 943 2278 Monaſterium.

243 2280 278 2318 2]
296 2279 339 2314 ein
345 2279 490 2320 Bißthum
496 2282 525 2314 in
531 2281 721 2324 Weſtphalen)
727 2302 902 2332 Epiſcopatus
910 2302 1139 2344 Monaſterienſis.

241 2323 274 2361 3]
292 2324 331 2356 die
337 2322 508 2363 Hauptſtadt
516 2325 544 2357 in
552 2325 643 2361 dieſem
657 2331 765 2364 Stifte)
781 2339 990 2378 Monaſterium.

244 2362 283 2400 4]
301 2363 339 2395 im
357 2362 622 2405 Gregorien⸗Thale
640 2369 697 2400 eine
710 2374 791 2400 kleine
806 2376 924 2416 Stadt)
947 2383 1150 2421 Monaſterium
1163 2383 1196 2420 in
1206 2382 1285 2420 valle
1292 2390 1387 2423 grego-

243 2399 339 2427 riana.

240 2436 276 2475 5]
294 2438 323 2470 in
331 2436 491 2477 Meyenfeld
505 2437 562 2471 eine
570 2440 678 2478 geringe
687 2440 795 2477 Stadt)
808 2453 1010 2489 Monaſterium
1016 2458 1208 2496 Meyenfeldia.

240 2474 501 2514 Kremsmuͤnſter
514 2479 569 2511 (ein
577 2483 634 2512 Ort
647 2488 675 2511 in
683 2486 856 2524 Oeſterreich)
868 2497 1119 2533 Cremiphanium.

240 2517 501 2558 Niedermuͤnſter
513 2518 554 2555 (in
562 2519 764 2560 Regensburg)
778 2533 934 2567 collegium
950 2541 1162 2570 canoniſſarum
1175 2533 1312 2578 inferius.

238 2552 466 2598 Obermuͤnſter
482 2558 559 2595 (eben
567 2562 613 2595 da)
625 2563 782 2598 collegium
790 2575 1002 2611 canoniſſarum
1008 2577 1149 2613 ſuperius.

813 2624 841 2652 F
841 2624 874 2652 2

1246 2626 1393 2668 Rothen⸗
