2667 3076
324 534 424 577 vom
442 533 723 596 Koͤnigreiche,
724 529 805 593 und
821 535 1172 597 Chur⸗Boͤhmen.
1203 535 1310 586 Sect.
1312 530 1348 599 I.
1357 538 1393 595 §.
1405 546 1477 593 49.

1531 540 1619 595 857

240 616 373 663 Geſtalt
390 615 582 667 gebrauchet
606 620 738 661 werden
763 614 902 670 doͤrffen.
953 617 1012 666 Ja
1032 617 1098 667 auf
1119 616 1233 666 ſeinem
1250 617 1495 664 Todes⸗Bette
1518 619 1622 668 muſte

239 673 316 720 noch
330 674 386 715 der
401 672 533 715 bekante
549 672 684 723 Georg
700 672 900 722 Caſſander
922 682 968 714 an
985 674 1040 716 der
1055 670 1490 723 Religions⸗Vereinigung
1508 671 1618 713 arbei⸗

238 729 302 766 ten.
350 726 444 772 Aber
461 726 577 768 mitten
594 732 689 769 unter
709 728 807 775 dieſer
817 720 1101 777 Beſchaͤfftigung
1118 724 1208 775 ſtarb
1218 736 1251 770 er
1268 726 1300 771 in
1317 725 1430 776 ſeinem
1447 731 1506 764 61.
1519 725 1618 775 Jah⸗

240 784 273 816 re
293 777 354 819 den
373 790 434 825 25.
453 775 533 826 Jul.
565 783 671 824 1564.
688 786 725 824 zu
741 776 874 825 Wien,
897 785 962 819 von
984 778 1047 818 dar
1070 777 1132 825 ſein
1149 777 1319 828 Leichnam
1343 777 1424 827 nach
1442 775 1546 826 Prag
1564 784 1620 825 ge⸗

239 813 367 877 bracht,
384 823 451 865 und
466 822 601 878 daſelbſt
616 825 781 872 begraben
795 826 921 865 wurde.
975 825 1080 860 Conf.
1095 827 1256 870 Chytræus
1272 827 1345 864 Lib.
1357 836 1399 860 21.
1416 828 1449 860 &
1459 833 1507 867 23.
1533 826 1617 858 Lon-

239 873 368 925 dorpius
384 876 452 913 Lib.
470 888 495 923 5.
516 890 547 925 p.
561 880 635 921 645.
661 877 861 923 Iſthuanfius
881 881 918 914 in
936 877 1063 914 Hiſtor.
1080 878 1233 926 Hungar.
1254 879 1323 913 Lib.
1341 887 1390 910 22.
1410 888 1440 925 p.
1456 883 1528 920 459.
1550 874 1618 916 und

246 929 397 966 Thuanus
413 930 486 969 Lib.
502 931 553 972 36.
571 941 601 977 p.
613 932 687 970 286.
741 927 834 970 Von
850 928 948 976 ſeiner
963 926 1158 976 zahlreichen
1173 931 1351 966 Poſteritæt
1369 931 1449 979 muß
1467 937 1548 971 man
1567 929 1619 969 die

239 974 518 1031 Oeſterreichiſche
535 979 825 1029 Special-Hiſtorie
843 979 1086 1029 nachſchlagen.

347 1039 381 1082 §.
405 1049 465 1085 49.
512 1037 606 1087 Jhm
621 1037 722 1088 folgte
741 1043 836 1079 unter
851 1039 977 1080 andern
997 1039 1080 1089 auch
1098 1039 1144 1080 im
1163 1037 1391 1088 Boͤhmiſchen
1410 1037 1536 1087 Reiche
1554 1033 1616 1086 ſein

236 1062 362 1132 aͤlteſter
379 1083 496 1128 Printz
512 1082 769 1112 Maximilianus
788 1082 833 1115 II.
854 1080 910 1117 als
935 1081 1074 1124 welchen
1096 1082 1152 1116 der
1168 1082 1295 1122 Vater
1312 1085 1432 1115 bereits
1456 1093 1566 1120 1562.
1583 1091 1616 1111 in

240 1127 343 1181 Prag
367 1143 439 1183 zum
455 1136 586 1185 Koͤnige
609 1132 699 1180 hatte
722 1127 839 1175 croͤnen
863 1133 981 1183 laſſen,
1007 1136 1071 1176 wie
1090 1135 1170 1176 oben
1195 1136 1284 1182 ſchon
1309 1138 1449 1175 erinnert
1469 1143 1619 1176 worden.

241 1180 297 1232 Jn
313 1188 389 1231 eben
405 1191 581 1236 demſelben
599 1187 715 1237 Jahre
732 1184 888 1237 erwaͤhlte
904 1197 986 1229 man
1005 1188 1061 1236 ihn
1080 1189 1162 1236 auch
1182 1197 1253 1237 zum
1267 1186 1467 1236 Roͤmiſchen
1476 1191 1622 1241 Koͤnige,

246 1238 415 1294 deswegen
424 1247 473 1288 die
483 1243 779 1295 Reichs⸗Hiſtorie
788 1243 957 1293 conferiret
966 1246 1095 1286 werden
1107 1243 1202 1294 muß.
1255 1243 1368 1290 Denn
1381 1245 1428 1294 ich
1439 1242 1627 1286 bekuͤmme⸗

234 1302 266 1333 re
275 1298 355 1348 mich
364 1299 492 1349 hierbey
501 1298 675 1341 abermals
685 1297 796 1339 weiter
808 1308 867 1339 um
877 1297 1000 1346 nichts,
1013 1300 1068 1340 als
1081 1298 1224 1349 lediglich
1234 1310 1291 1341 um
1311 1292 1514 1349 Boͤhmiſche
1531 1298 1622 1344 Sa⸗

242 1344 326 1392 chen.
374 1348 473 1391 Man
491 1351 619 1399 erzehlet
638 1346 814 1395 demnach,
832 1345 898 1396 daß
918 1357 950 1388 er
970 1347 1059 1396 ſchon
1078 1347 1111 1388 in
1126 1348 1225 1396 ſeiner
1241 1349 1341 1397 erſten
1359 1349 1501 1398 Jugend
1520 1350 1623 1393 Gele⸗

242 1403 367 1448 genheit
385 1403 518 1454 gehabt,
535 1407 584 1447 die
602 1407 768 1454 Principia
785 1404 841 1446 der
857 1402 1053 1452 Lutheraner
1071 1412 1108 1452 zu
1126 1402 1249 1453 faſſen,
1265 1403 1380 1450 welche
1397 1404 1468 1452 ihm
1488 1401 1628 1452 hernach

241 1447 312 1497 Zeit
324 1451 443 1494 Lebens
459 1456 545 1502 nicht
561 1455 667 1501 haben
681 1456 748 1493 aus
765 1452 839 1493 dem
849 1450 973 1496 Sinne
990 1451 1144 1500 gebracht
1161 1453 1292 1494 werden
1309 1452 1445 1495 koͤnnen.
1496 1456 1627 1503 Wolf⸗

240 1511 343 1550 gang
358 1511 517 1551 Severus,
537 1509 600 1555 ſein
617 1504 808 1555 damaliger
829 1503 1052 1556 Hofmeiſter,
1067 1506 1202 1554 welcher
1221 1509 1271 1550 ein
1289 1504 1473 1555 Anhaͤnger
1491 1508 1533 1544 D.
1551 1509 1626 1548 Lu⸗

243 1547 345 1590 thers
360 1557 453 1597 war,
479 1554 570 1597 hatte
592 1559 662 1600 ihm
687 1556 789 1599 deſſen
806 1554 1013 1599 Grundſaͤtze
1038 1558 1262 1599 beygebracht.
1315 1558 1382 1593 Als
1408 1559 1487 1591 aber
1508 1559 1629 1597 ſolches

243 1592 297 1636 der
314 1594 434 1642 Vater
450 1610 677 1637 Ferdinandus
699 1613 719 1634 I.
741 1610 896 1638 merckte:
919 1611 1050 1645 erhielte
1065 1610 1211 1645 beſagter
1229 1610 1451 1648 Wolfgang
1467 1609 1545 1645 ſeine
1562 1610 1625 1634 Di-

241 1652 384 1694 miſſion.
438 1655 571 1701 Nichts
581 1661 812 1703 deſtoweniger
831 1660 890 1701 hat
907 1664 1168 1691 Maximilianus
1178 1662 1222 1694 II.
1241 1662 1300 1695 den
1309 1660 1529 1699 Lutheranern
1546 1661 1626 1693 alle⸗

239 1698 294 1745 zeit
309 1705 408 1755 groſſe
423 1708 594 1744 Affection
618 1712 788 1750 erwieſen,
811 1711 894 1747 auch
912 1710 973 1744 mit
990 1710 1244 1740 Melanchthone
1269 1711 1481 1751 verſchiedene
1496 1710 1624 1751 Briefe

240 1766 441 1813 gewechſelt,
459 1768 527 1804 und
543 1766 593 1804 die
607 1766 847 1812 Proteſtanten
866 1767 947 1810 nach
969 1769 1051 1804 aller
1076 1763 1291 1812 Moͤglichkeit
1316 1764 1509 1811 protegiret,
1535 1764 1625 1812 folg⸗

236 1807 299 1860 lich
315 1825 369 1861 zur
385 1810 630 1859 Befoͤrderung
644 1813 704 1852 der
715 1812 970 1859 Evangeliſchen
986 1813 1144 1860 Religion
1166 1812 1252 1857 nicht
1267 1812 1375 1854 wenig
1393 1810 1623 1858 beygetragen.

241 1859 289 1904 Er
305 1864 422 1915 pflegte
445 1861 522 1911 ſtets
536 1871 572 1912 zu
589 1860 704 1911 ſagen,
729 1861 796 1910 daß
824 1869 859 1903 es
875 1859 1063 1911 unmoͤglich
1081 1863 1151 1910 ſey,
1177 1865 1226 1904 die
1241 1854 1411 1913 Gewiſſen
1437 1871 1472 1912 zu
1491 1861 1621 1905 binden.

240 1902 295 1954 Jn
311 1912 425 1958 ſeinem
442 1908 555 1962 Brief
567 1918 613 1952 an
632 1912 797 1946 Lazarum
815 1913 1002 1951 Schwendi,
1024 1910 1082 1952 der
1108 1911 1142 1951 in
1163 1913 1305 1959 Goldaſti
1320 1908 1627 1961 Reichs⸗Satzun⸗

241 1969 300 2007 gen
315 1969 347 2009 P.
362 1968 400 2004 II.
418 1980 450 2018 p.
469 1974 538 2009 324.
560 1962 674 2014 ſtehet,
693 1962 784 2014 heget
798 1974 831 2006 er
849 1961 1065 2015 vortreffliche
1078 1963 1281 2010 Gedancken
1301 1972 1366 2008 von
1382 1965 1556 2003 Toleranz
1573 1968 1632 2010 der

242 2015 416 2066 Religion.
466 2020 519 2066 Es
539 2020 575 2072 iſt
592 2018 692 2070 dieſes
707 2029 765 2062 um
782 2018 811 2068 ſo
830 2017 985 2066 vielmehr
1002 2029 1037 2068 zu
1053 2021 1298 2061 verwundern:
1323 2019 1399 2061 weil
1420 2029 1453 2062 er
1471 2019 1549 2068 doch
1565 2029 1628 2069 gu⸗

243 2073 292 2113 ten
309 2074 403 2124 theils
444 2071 483 2129 in
473 2073 642 2124 Spanien
658 2073 725 2116 und
743 2075 859 2115 mitten
877 2078 971 2114 unter
987 2073 1047 2114 den
1063 2073 1227 2124 eifrigſten
1245 2072 1457 2125 Catholicken
1482 2082 1558 2116 war
1572 2083 1624 2114 er⸗

244 2123 336 2168 zogen
355 2126 499 2167 worden.
553 2125 604 2170 Er
628 2124 680 2174 ſoll
698 2123 793 2174 ſogar
815 2123 897 2167 auch
922 2123 982 2163 den
1000 2125 1103 2173 Joan.
1118 2115 1291 2171 Sebaſtian.
1308 2126 1504 2172 Fauſerum,
1526 2131 1622 2164 unter

245 2173 297 2219 der
313 2178 446 2230 Geſtalt
460 2180 549 2222 eines
567 2178 761 2229 Cavaliers,
779 2172 948 2228 beſtaͤndig
965 2176 1023 2224 bey
1038 2176 1098 2227 ſich
1113 2177 1235 2231 gehabt
1253 2177 1376 2227 haben,
1396 2180 1451 2222 der
1470 2178 1538 2225 ihm
1557 2180 1625 2221 das

249 2218 356 2273 heilige
366 2228 576 2276 Abendmahl
587 2231 620 2268 in
628 2228 795 2274 beyderley
804 2225 940 2274 Geſtalt
949 2224 1069 2271 reichen
1080 2223 1214 2276 muͤſſen.
1247 2227 1394 2276 Ehedem
1402 2229 1528 2272 machte
1539 2235 1624 2267 man

245 2274 327 2330 nicht
342 2285 433 2332 ſoviel
450 2284 592 2330 daraus,
612 2280 736 2332 groſſen
751 2280 884 2333 Herren
906 2283 965 2324 den
973 2281 1072 2328 Kelch
1089 2290 1126 2330 zu
1135 2280 1246 2331 geben,
1265 2291 1362 2325 wenn
1372 2283 1414 2332 ſie
1423 2282 1541 2330 ſolchen
1551 2290 1625 2324 ver⸗

248 2323 389 2377 langten.
440 2334 602 2378 Hernach
615 2336 694 2371 aber
710 2335 823 2372 wurde
840 2333 896 2383 ein
891 2329 1077 2378 Anathema
1088 2330 1188 2382 davor
1204 2332 1382 2378 geſchoben.
1419 2332 1630 2378 Gleichwohl

246 2373 318 2422 hielt
341 2387 375 2420 es
387 2383 511 2428 Kayſer
520 2389 778 2416 Maximilianus
796 2390 859 2421 nur
874 2389 933 2420 vor
947 2380 996 2420 ein
1006 2379 1181 2416 Problema
1190 2382 1457 2428 Theologicum.
1510 2385 1569 2428 Er
1569 2387 1626 2428 ſoll

245 2442 325 2487 auch
335 2443 415 2490 ſonſt
425 2442 533 2491 geſagt
543 2442 661 2491 haben,
671 2442 738 2492 daß
747 2453 780 2484 er
789 2441 851 2490 ſich
857 2449 947 2492 zwar
954 2451 998 2482 an
1008 2441 1056 2483 die
1066 2441 1151 2482 alten
1160 2441 1309 2491 Sachen
1318 2442 1418 2490 halte.
1444 2442 1552 2489 Doch
1561 2442 1623 2491 ha⸗

245 2476 282 2520 be
300 2494 332 2524 er
350 2486 432 2529 auch
448 2484 526 2531 ſeine
545 2491 696 2524 Raiſons,
713 2496 847 2524 warum
846 2493 883 2537 er
885 2485 970 2531 ſich
979 2484 1041 2525 mit
1055 2483 1187 2533 Papſte
1196 2488 1257 2521 Pio
1266 2488 1321 2520 IV
1334 2486 1419 2529 nicht
1443 2491 1624 2526 verwirren

245 2539 349 2577 wolle.
387 2537 500 2581 Denn
515 2546 549 2576 er
565 2546 642 2577 war
650 2544 787 2586 zugleich
796 2544 949 2586 Princeps
962 2537 1121 2585 providus
1148 2541 1162 2572 &
1172 2545 1298 2572 cantus.
1351 2539 1507 2572 Thuanus
1514 2543 1627 2585 macht

247 2584 296 2628 ein
304 2584 429 2639 ſchoͤnes
438 2590 545 2639 Eloge
555 2596 619 2630 von
629 2596 711 2638 ihm,
725 2598 794 2633 und
806 2589 1020 2627 Commendon
1028 2586 1144 2638 ſaget;
1162 2597 1197 2632 er
1205 2586 1288 2639 habe
1303 2587 1415 2632 keinen
1426 2591 1625 2639 geſcheutern

1500 2662 1620 2712 Herrn

1641 1064 1725 1101 Vom
1751 1059 1857 1104 Kayſer

1639 1108 1784 1116 Maximil.
1798 1108 1823 1111 II.

1640 1152 1684 1174 als
1699 1146 1808 1178 Koͤnige
1826 1149 1855 1173 in

1637 1190 1784 1231 Boͤhmen.
