2133 2983
825 404 909 449 160

1380 388 1505 439 Ord.

982 489 1159 517 magnopere
1168 478 1352 518 perturbari;
1369 483 1420 514 das
1429 481 1572 518 Gemuͤthe
1587 484 1616 516 in
1625 483 1799 522 Unordnung
1809 483 1932 522 bringen,
1947 489 2014 515 con-

979 523 1101 549 turbare
1109 525 1256 553 animum;
1277 525 1305 548 er
1313 519 1417 560 verſetzt
1432 518 1499 553 alles
1530 519 1560 563 in
1551 520 1737 561 Unordnung,
1745 521 1845 553 omnia
1853 523 2014 562 permiſcet.

904 563 1068 601 Geordnet
1082 564 1189 603 (ſupin.
1198 570 1230 593 ut
1237 563 1303 603 adj.)
1318 566 1480 597 ordinatus.

943 606 1157 643 Ungeordnet,
1168 602 1363 635 inordinatus.

901 642 954 671 Ab
961 646 1115 674 geordnet,
1126 636 1203 673 præſ.
1211 636 1257 671 ich
1265 639 1361 670 ordne
1367 636 1418 670 ab,
1427 634 1541 676 ablego,
1548 636 1625 678 lego.

941 685 993 714 Ab
1000 683 1147 718 geordnet
1163 680 1268 719 (ſupin.
1278 688 1311 712 ut
1319 682 1387 720 adj.)
1396 681 1516 720 legatus.

980 724 1022 743 Er
1037 716 1141 741 machte
1155 714 1202 746 ſich
1218 714 1329 747 hernach
1345 718 1375 740 in
1391 717 1481 748 wenig
1490 711 1633 745 Stunden
1648 712 1701 752 auf
1711 714 1768 746 und
1781 713 1836 753 floh
1847 714 1920 754 nebſt
1928 716 2013 750 einem

980 756 1198 781 Abgeordneten,
1217 754 1439 783 Hofmannsw.
1457 751 1517 785 ipſe
1531 749 1662 784 fugiebat
1670 757 1730 779 una
1742 757 1809 778 cum
1826 752 1897 786 illo,
1915 751 1969 789 qui
1980 742 2016 779 ad

977 799 1047 819 eum
1057 792 1153 820 miſſus
1162 794 1276 826 fuerat;
1294 792 1327 829 ſie
1341 791 1397 828 ſind
1405 790 1577 829 abgeordnet,
1592 795 1654 823 was
1667 792 1804 833 wichtiges
1814 801 1846 834 zu
1857 795 2014 834 verrichten,

984 832 1057 865 miſſi
1065 831 1129 864 ſunt
1137 833 1225 871 legati
1232 835 1267 865 de
1278 834 1366 865 rebus
1374 833 1497 873 magnis.

901 873 1098 901 Angeordnet
1106 875 1183 901 præſ.
1198 871 1245 896 ich
1252 871 1349 895 ordne
1357 872 1407 896 an,
1421 866 1548 901 ordino,
1564 864 1719 902 conſtituo,
1732 867 1867 906 inſtituo,
1882 867 2013 907 diſpono.

943 914 1032 933 Einen
1042 911 1140 934 Staat
1156 914 1193 932 an
1201 913 1319 937 ordnen,
1334 908 1472 933 ordinare
1487 905 1592 934 ſtatum
1607 904 1792 943 reipublicæ;
1809 915 1838 938 er
1852 909 1963 941 ordnete
1976 905 2013 938 die

943 951 1079 984 Schlacht
1089 955 1135 979 an,
1143 948 1295 978 ordinabat
1304 948 1413 980 aciem;
1431 951 1475 981 der
1484 945 1565 989 Fuͤrſt
1581 943 1676 982 ordnet
1690 952 1768 986 einen
1777 950 1957 988 Jahrmarckt
1966 958 2012 983 an,

942 990 1077 1021 princeps
1086 988 1211 1014 inſtituit
1219 992 1396 1020 mercatum;
1415 985 1448 1022 ſie
1457 991 1588 1018 ordneten
1594 987 1672 1020 einen
1700 981 1778 1028 Kampf
1795 987 1842 1024 an,
1860 991 2012 1021 conſtitue-

941 1025 1012 1052 bant
1022 1028 1197 1055 certamina;
1218 1027 1258 1054 die
1266 1024 1372 1060 Strafe
1388 1024 1453 1061 nach
1468 1028 1518 1057 den
1531 1025 1656 1065 Geſetzen
1664 1033 1701 1058 an
1709 1028 1822 1064 ordnen,
1830 1024 1943 1069 legibus
1957 1032 2011 1068 pœ-

942 1073 1011 1091 nam
1020 1065 1212 1096 conſtituere;
1229 1063 1335 1103 Geſetze
1343 1072 1380 1095 an
1388 1067 1500 1101 ordnen,
1508 1066 1584 1103 leges
1595 1065 1732 1098 condere.

939 1107 1111 1138 Anordnen
1133 1104 1209 1140 (das,
1223 1104 1319 1138 infin.)
1326 1104 1486 1142 ordinatio,
1496 1106 1676 1138 conſtitutio.

942 1145 1110 1178 Anordner
1125 1145 1201 1182 (der)
1210 1145 1373 1176 ordinator.

940 1185 1139 1211 Anordnung
1153 1180 1220 1209 (die)
1229 1175 1389 1213 ordinatio,
1397 1173 1556 1220 diſpoſitio,
1567 1176 1750 1216 conſtitutio,
1756 1176 1914 1211 inſtitutio.

941 1223 1139 1250 Angeordnet
1146 1219 1254 1254 (ſupin.
1264 1223 1297 1248 ut
1304 1217 1374 1256 adj.)
1383 1217 1542 1253 ordinatus,
1551 1219 1732 1252 conſtitutus.

978 1258 1169 1288 Angeordnete
1183 1252 1340 1287 Obrigkeit,
1363 1254 1515 1281 ordinatus
1536 1252 1734 1292 magiſtratus;
1762 1252 1820 1286 eine
1834 1253 2010 1294 angeordnete

979 1301 1085 1340 Sache,
1095 1313 1141 1333 res
1147 1302 1290 1335 mandata.

898 1338 976 1377 Mit
982 1343 1138 1369 geordnet,
1146 1336 1225 1368 præſ.
1234 1335 1281 1365 ich
1289 1333 1384 1365 ordne
1393 1330 1461 1369 mit,
1469 1340 1529 1362 una
1537 1333 1656 1371 ordino,
1668 1334 1823 1366 conſciſco.

940 1382 983 1416 Er
992 1382 1087 1411 ordnet
1094 1383 1157 1415 mit,
1165 1376 1215 1409 daß
1224 1384 1268 1407 der
1276 1374 1361 1403 Krieg
1369 1374 1491 1403 angehen
1500 1371 1553 1405 ſoll,
1563 1370 1710 1400 conſciſcit
1718 1377 1750 1401 ut
1758 1369 1809 1401 fiat
1816 1369 1936 1403 bellum.

899 1416 1089 1448 Verordnet,
1102 1415 1181 1447 præſ.
1188 1414 1235 1445 ich
1242 1414 1403 1448 verordne,
1411 1412 1568 1446 conſtituo,
1577 1412 1685 1449 ſancio,
1693 1412 1822 1451 deſigno.

943 1459 1015 1494 Eine
1020 1455 1143 1489 gelegene
1152 1453 1211 1492 Zeit
1217 1454 1379 1484 verordnen,
1392 1453 1506 1477 tempus
1514 1452 1696 1479 oportunum
1705 1447 1897 1479 conſtituere;
1919 1443 2010 1483 wegen

941 1497 987 1516 der
995 1492 1117 1521 Bosheit
1131 1494 1175 1518 der
1182 1491 1333 1523 Menſchen
1340 1488 1445 1525 Geſetze
1458 1491 1619 1524 verordnen,
1633 1486 1668 1518 de
1676 1488 1788 1520 malitia
1800 1488 1957 1522 hominum
1968 1489 2008 1520 le-

940 1538 993 1575 ges
1007 1531 1198 1567 conſtituere;
1214 1533 1304 1560 etwas
1318 1528 1373 1557 ſehr
1381 1527 1470 1559 fleißig
1485 1528 1644 1555 verordnen,
1659 1530 1791 1553 accurate
1808 1525 1837 1554 &
1851 1524 2008 1563 diligenter

942 1571 1070 1609 ſancire;
1084 1571 1135 1587 wie
1144 1571 1173 1588 es
1181 1570 1221 1589 die
1229 1566 1368 1595 Obrigkeit
1380 1568 1525 1592 verordnet
1533 1564 1590 1595 hat,
1603 1566 1636 1589 ut
1650 1564 1762 1592 ſenatus
1776 1562 1914 1598 ſancivit;
1933 1559 2009 1595 einen

945 1610 1003 1629 Ort
1013 1609 1047 1634 zu
1047 1605 1244 1636 Begraͤbniſſen
1262 1605 1410 1642 verordnen,
1428 1606 1507 1643 locum
1521 1601 1677 1640 ſepulchris
1684 1602 1849 1642 deſignare;
1865 1604 1942 1638 einen
1949 1602 2007 1641 zum

940 1648 1056 1675 Richter
1064 1648 1225 1670 verordnen,
1233 1643 1382 1675 deſignare
1390 1643 1518 1677 aliquem
1526 1640 1670 1677 judicem;
1686 1645 1749 1673 was
1762 1643 1806 1673 der
1813 1642 1895 1681 Rath
1904 1640 2007 1675 verord⸗

940 1692 999 1705 net,
1013 1686 1091 1707 ſollen
1105 1684 1156 1702 alle
1171 1684 1273 1707 halten,
1290 1680 1370 1707 quod
1387 1681 1498 1703 ſenatus
1512 1679 1615 1710 crevit,
1623 1683 1725 1705 omnes
1734 1678 1915 1709 defendunt;
1932 1669 2008 1710 einen

939 1726 1004 1748 Tag
1019 1731 1051 1748 zu
1066 1726 1138 1741 einer
1147 1721 1333 1749 Verrichtung
1347 1721 1507 1748 verordnen,
1521 1718 1606 1752 operi
1619 1717 1758 1745 faeiundo
1767 1716 1959 1756 præſtituere;
1975 1710 2006 1744 ei⸗

941 1770 1007 1780 nem
1016 1764 1092 1781 einen
1100 1763 1163 1788 Tag
1172 1761 1234 1787 zum
1241 1760 1315 1785 Tode
1329 1760 1488 1788 verordnen,
1502 1757 1587 1784 alicui
1600 1757 1677 1785 necis
1690 1755 1770 1787 diem
1776 1755 1936 1793 deſtinare;
1952 1758 2008 1786 ver⸗

939 1807 1053 1842 ordnen,
1068 1803 1118 1838 daß
1133 1803 1189 1841 kein
1197 1797 1339 1826 Diebſtahl
1353 1795 1481 1828 geſchaͤhe,
1495 1800 1597 1820 cavere
1613 1796 1641 1823 &
1650 1795 1782 1830 ſancire,
1782 1798 1815 1835 ne
1821 1795 1934 1824 furtum
1942 1790 2007 1824 fiat;

943 1848 1023 1879 einen
1031 1845 1060 1874 in
1068 1843 1141 1876 eines
1149 1841 1253 1872 andern
1261 1836 1358 1862 Stelle
1365 1839 1523 1863 verordnen,
1531 1834 1658 1868 aliquem
1666 1834 1698 1860 in
1705 1834 1824 1862 alterius
1838 1833 1938 1864 locum
1946 1828 2006 1864 ſub-

940 1885 1063 1902 rogare;
1081 1881 1126 1897 der
1132 1879 1209 1905 Artzt
1217 1878 1265 1906 hat
1272 1879 1302 1900 es
1308 1875 1334 1903 ſo
1341 1876 1493 1903 verordnet,
1500 1873 1631 1901 medicus
1644 1873 1685 1901 ita
1691 1871 1846 1912 diſpoſuit;
1863 1881 1942 1908 einen
1948 1870 2007 1906 Tag

938 1922 969 1944 in
977 1923 1026 1944 den
1033 1920 1157 1954 Geſetzen
1165 1918 1324 1948 verordnen,
1334 1913 1412 1947 diem
1419 1915 1451 1945 in
1458 1915 1569 1955 legibus
1576 1917 1730 1955 præfinire.

939 1958 1154 1994 Verordnung
1162 1957 1226 1988 (die)
1231 1953 1416 1992 conſtitutio,
1424 1954 1584 1992 ordinatio,
1593 1954 1753 1996 diſpoſitio.

977 1997 1051 2036 Eine
1060 1996 1252 2033 Verordnung
1262 1993 1377 2031 ergehen
1388 1991 1481 2023 laſſen,
1493 1990 1606 2015 aliquid
1619 1987 1798 2018 præcipere;
1816 1984 1855 2014 die
1869 1974 2004 2021 Obrigkeit

976 2036 1025 2064 hat
1040 2035 1103 2065 dieſe
1118 2034 1306 2066 Verordnung
1320 2031 1458 2070 gemacht,
1472 2030 1529 2062 hoc
1542 2031 1723 2071 magiſtratus
1738 2033 1897 2065 conſtituit.

974 2074 1029 2106 Da
1037 2074 1070 2105 ſie
1079 2079 1149 2110 denn
1158 2071 1325 2103 Chriſtlicher
1331 2070 1521 2102 Verordnung
1536 2079 1601 2103 nach
1616 2067 1768 2097 zuſammen
1777 2066 1890 2099 gegeben
1898 2057 2003 2093 worden

975 2113 1048 2151 ſeyn,
1076 2111 1190 2133 Hofmw.
1210 2110 1262 2128 ubi
1274 2109 1364 2128 etiam
1376 2110 1436 2129 ritu
1445 2105 1601 2130 chriſtiano
1608 2106 1834 2132 matrimonium
1846 2099 2002 2135 iniverunt.

938 2152 1117 2187 Verordnet
1124 2150 1230 2188 (ſupin.
1238 2159 1269 2184 ut
1279 2151 1351 2193 adj.)
1367 2152 1530 2192 adjunctus.

895 2187 1090 2225 Zugeordnet
1103 2185 1181 2228 præſ.
1190 2189 1237 2223 ich
1245 2192 1340 2223 ordne
1347 2198 1393 2227 zu,
1399 2190 1507 2228 allego,
1514 2189 1654 2229 adjungo.

935 2230 1137 2266 Zugeordnet,
1146 2228 1253 2265 (ſupin.
1260 2235 1293 2257 ut
1300 2228 1372 2267 adj.)
1383 2229 1567 2267 conſtitutus,
1576 2227 1700 2261 ſancitus

817 2264 975 2306 Order
986 2272 1047 2318 (die,
1062 2281 1130 2312 cum
1142 2269 1313 2299 præcedenti
1326 2277 1400 2293 voce
1412 2268 1449 2293 ab
1457 2267 1560 2294 eadem
1575 2266 1671 2295 radice
1686 2264 1859 2299 deſcendere
1872 2256 2001 2300 videtur)

858 2331 1027 2360 præceptum,
1034 2322 1210 2352 mandatum.

858 2365 925 2374 Eine
949 2369 1029 2371 Order
1039 2362 1204 2373 ausrichten,
1212 2362 1388 2379 præceptum
1395 2354 1517 2379 alicujus
1524 2361 1643 2376 curare;
1664 2356 1726 2374 was
1733 2352 1869 2383 vorgehet,
1883 2336 2002 2385 geſchieht

855 2411 913 2449 auf
913 2409 997 2450 meine
1006 2403 1106 2440 Order,
1114 2406 1177 2421 quæ
1186 2403 1325 2424 aguntur,
1335 2399 1369 2416 ſit
1377 2402 1445 2416 meo
1454 2401 1615 2428 præcepto;
1631 2401 1687 2420 von
1700 2397 1788 2422 einem
1798 2395 1889 2426 Order
1905 2390 2002 2426 bekom⸗

848 2454 932 2485 men,
947 2445 1116 2478 mandatum
1124 2440 1160 2473 ab
1166 2439 1266 2465 aliquo
1274 2440 1421 2465 accipere;
1437 2439 1493 2458 eine
1502 2438 1591 2460 Order
1604 2436 1761 2466 verlangen,
1775 2432 1943 2462 mandatum
1957 2429 2003 2455 ex-

856 2489 992 2524 poſcere;
1013 2484 1052 2516 die
1059 2481 1149 2516 Order
1156 2478 1186 2494 in
1192 2476 1263 2499 Acht
1271 2477 1398 2500 nehmen,
1407 2476 1566 2504 imperium
1578 2473 1753 2502 obſervare;
1770 2477 1800 2500 er
1814 2473 1877 2509 geht
1890 2466 1940 2506 auf
1950 2463 2001 2497 Or⸗

856 2523 901 2546 der
909 2528 956 2548 des
966 2521 1130 2555 Feldherrns
1137 2517 1203 2554 fort,
1217 2516 1288 2555 juſſu
1296 2518 1481 2555 imperatoris
1488 2517 1603 2552 coactus
1611 2518 1681 2551 abit.

817 2559 1009 2594 **Geordert,
1018 2557 1096 2597 præſ.
1106 2555 1142 2596 ich
1152 2558 1252 2592 ordere,
1258 2555 1409 2603 præcipio.

1946 2577 2009 2617 Jch
