1802 2687
576 465 652 502 And
668 465 748 499 how
770 475 805 499 to
830 465 925 500 make
953 476 971 497 a
997 461 1124 508 mighty
1143 463 1259 511 people
1284 463 1411 504 thrive:
1445 463 1491 513 ³)

577 516 640 549 But
674 512 769 560 equal
785 512 964 560 goodneſs,
994 510 1099 546 found
1120 512 1288 556 integrity,

576 565 606 598 A
626 562 700 598 firm
722 562 892 598 unshaken
921 561 1144 608 uncorrupted
1170 564 1239 600 ſoul

574 618 673 652 Amid
698 630 715 651 a
738 617 859 662 sliding
881 627 952 661 age,
973 614 1043 651 and
1065 616 1210 663 burning
1227 616 1351 662 ſtrong,

574 673 653 706 Not
672 669 783 713 vainly
807 668 938 715 blazing
950 665 1006 704 for
1025 668 1085 714 thy
1102 668 1272 712 country’s
1291 666 1391 709 weal,
1551 675 1595 710 35

575 726 606 759 A
625 724 734 762 ſteady
769 721 858 767 ſpirit
882 721 1046 768 regularly
1066 721 1157 761 free;

575 772 689 812 Theſe,
710 761 788 805 each
808 768 950 816 exalting
972 771 1062 813 each,
1089 770 1139 805 the
1159 768 1334 804 ſtatesman
1359 769 1445 818 light
1462 768 1499 818 ⁴)

574 829 650 860 Into
668 824 718 858 the
742 835 881 870 patriot;
919 824 1013 864 theſe,
1029 824 1083 860 the
1105 822 1214 870 public
1236 822 1324 869 hope

575 874 652 912 And
676 887 733 920 eye
758 884 792 907 to
813 875 884 911 thee
903 874 1110 919 converting,
1144 871 1198 907 bid
1223 874 1275 908 the
1297 875 1393 912 Muſe

574 926 704 962 Record
730 925 822 961 what
841 938 927 971 envy
949 926 1042 960 dares
1059 933 1120 962 not
1151 923 1282 972 flattery
1302 924 1374 962 call.
1544 934 1597 970 40

677 1031 776 1063 Now
796 1027 897 1062 when
916 1026 969 1061 the
987 1022 1143 1064 chearleſs
1173 1025 1296 1073 empire
1325 1022 1368 1063 of
1382 1023 1436 1060 the
1461 1023 1523 1074 sky

572 1079 625 1113 To
649 1077 823 1121 Capricorn
849 1074 902 1109 the
925 1077 1065 1109 Centaur
1080 1075 1200 1108 Archer
1222 1073 1340 1120 yields,

572 1125 654 1163 And
671 1124 767 1160 fierce
789 1125 945 1172 Aquarius
962 1124 1059 1162 ſtains
1080 1123 1128 1159 th’
1145 1122 1292 1161 inverted
1307 1134 1403 1171 year;
1427 1117 1456 1168 ⁵)

571 1182 678 1225 Hung
700 1179 770 1214 o'er
799 1180 852 1215 the
880 1179 1014 1215 fartheſt
1030 1190 1126 1225 verge
1145 1177 1188 1213 of
1207 1180 1342 1219 heaven,
1360 1177 1414 1215 the
1436 1177 1496 1215 ſun

571 1234 687 1267 Scarce
704 1229 830 1278 ſpreads
851 1231 923 1268 o'er
948 1231 1038 1267 ether
1062 1231 1113 1269 the
1130 1230 1273 1276 dejected
1297 1231 1373 1274 day.
1501 1236 1590 1271 45

569 1284 665 1320 Faint
688 1293 742 1317 are
762 1280 810 1315 his
833 1279 970 1328 gleams,
989 1280 1051 1324 and
1077 1281 1266 1316 ineffectual
1285 1282 1387 1317 shoot

570 1337 635 1368 His
653 1332 833 1376 ſtruggling
853 1343 938 1375 rays,
959 1335 994 1366 in
1018 1332 1209 1369 horizontal
1226 1331 1320 1372 lines,

571 1376 688 1420 Thro’
708 1384 763 1415 the
783 1377 874 1415 thick
900 1377 968 1418 air;
992 1388 1028 1417 as
1048 1373 1197 1419 cloath'd
1211 1375 1248 1417 in
1266 1376 1387 1416 cloudy
1405 1371 1517 1420 ſtorm,

572 1434 696 1477 Weak,
716 1446 806 1479 wan,
825 1433 890 1472 and
914 1432 1031 1477 broad,
1052 1432 1093 1472 he
1115 1430 1220 1473 skirts
1236 1434 1290 1473 the
1304 1433 1461 1472 ſouthern
1481 1434 1562 1474 sky;

1507 1481 1592 1531 And

607 1576 633 1607 3)
652 1583 678 1598 to
692 1577 781 1604 thrive,
794 1575 908 1605 treiben,
924 1576 951 1599 in
968 1577 1007 1600 die
1021 1575 1096 1600 Höhe
1110 1574 1223 1605 treiben,
1241 1575 1323 1602 durch
1340 1571 1521 1604 Wachsthum,
1532 1563 1593 1600 wie

641 1629 744 1665 Zweige
764 1629 862 1659 treiben
874 1630 889 1657 i.
904 1639 924 1656 e.
940 1630 1064 1657 wachſen.

605 1698 635 1731 4)
656 1699 728 1735 Dieſe
740 1700 865 1735 Syntheſis
880 1698 941 1727 oder
957 1696 1103 1735 Metalepſis,
1117 1699 1157 1726 die
1171 1698 1216 1726 der
1231 1701 1298 1727 Herr
1317 1698 1397 1726 Ritter
1421 1698 1548 1727 Michaelis
1564 1698 1592 1726 in

639 1742 684 1767 der
693 1741 813 1767 Vorrede
832 1751 891 1767 zum
908 1748 988 1775 erſten
1003 1748 1076 1775 Theil
1093 1738 1170 1766 ſeiner
1184 1730 1314 1775 Syriſchen
1335 1739 1532 1769 Chreſtomathie
1549 1741 1592 1769 für

637 1804 687 1830 pur
703 1797 856 1826 orientaliſch
870 1797 939 1827 halt,
970 1797 1022 1828 und
1044 1796 1084 1825 die
1100 1796 1164 1826 auch
1181 1797 1219 1825 oft
1238 1797 1286 1833 bey
1304 1797 1450 1825 Römiſchen
1469 1797 1594 1825 Dichtern

638 1844 793 1876 vorkommt,
812 1844 890 1880 (ſiehe
911 1845 961 1872 den
980 1844 1090 1872 Indicem
1117 1842 1186 1871 verb.
1210 1852 1242 1880 zu
1268 1842 1378 1872 meinem
1399 1845 1510 1878 Properz
1528 1843 1544 1869 ſ.
1566 1852 1592 1870 v.

641 1887 760 1913 idiotiſmi
773 1889 927 1920 Propertiani
941 1899 967 1919 p.
983 1896 1041 1917 443.
1055 1910 1074 1924 n.
1098 1885 1131 1920 5)
1144 1895 1229 1911 macht
1243 1889 1316 1911 einen
1340 1887 1441 1920 groſſen
1457 1886 1532 1912 Theil
1547 1886 1593 1913 der

637 1943 726 1972 Stärke
743 1947 786 1970 des
802 1943 952 1970 Ausdrucks
970 1942 996 1968 in
1010 1942 1058 1969 den
1074 1942 1217 1977 engliſchen
1238 1941 1359 1969 Dichtern
1375 1949 1436 1972 aus,
1469 1941 1509 1967 die
1527 1941 1592 1970 dieſe

636 1993 717 2027 Figur
732 1991 776 2018 oft
776 1991 903 2018 brauchen
932 1991 948 2018 h.
964 1993 972 2018 l.
987 1991 1051 2018 dieſe
1063 1986 1271 2030 (Eigenſchaften)
1281 1991 1366 2018 feuern
1380 1990 1421 2016 den
1434 1990 1592 2018 Staatsmann

637 2046 698 2065 zum
713 2036 838 2064 Patrioten
860 2045 898 2063 an.
922 2037 939 2065 i.
954 2046 975 2063 e.
997 2038 1037 2064 Sie
1054 2037 1142 2065 feuern
1162 2035 1219 2064 dich
1237 2039 1271 2065 als
1288 2039 1444 2064 Staatsmann
1461 2044 1501 2069 an,
1536 2036 1591 2063 und

637 2086 743 2114 machen
757 2086 814 2114 dich
830 2085 945 2114 dadurch
957 2095 1018 2113 zum
1034 2084 1168 2120 Patrioten,
1183 2086 1244 2115 oder
1258 2084 1345 2113 auch:
1369 2082 1399 2113 ſie
1414 2084 1523 2115 erheben
1541 2085 1592 2114 den

635 2137 794 2164 Staatsmann
806 2144 866 2164 zum
881 2136 1015 2164 Patrioten.

603 2224 630 2260 5)
649 2224 772 2251 Horatius
785 2222 876 2257 ſpricht
894 2223 929 2250 lib.
949 2224 970 2253 I.
992 2223 1084 2249 Sat.1.
1103 2232 1126 2249 v.
1142 2223 1182 2254 36.

636 2279 680 2288 —
701 2266 782 2295 Simul
796 2263 923 2295 inuerſum
933 2264 1060 2294 contriſtat
1076 2263 1204 2302 Aquarius
1216 2270 1321 2294 annum.
